Timestamp,Type,Price,Volume,Bid Price,Bid Size,Ask Price,Ask Size
2023-09-22 09:30:00.027550813,Quote,,,4378.5,30.0,4378.75,24.0
2023-09-22 09:30:00.027617022,Quote,,,4378.5,30.0,4378.75,23.0
2023-09-22 09:30:00.108230447,Quote,,,4378.5,31.0,4378.75,23.0
2023-09-22 09:30:00.108230447,Quote,,,4378.5,32.0,4378.75,23.0
2023-09-22 09:30:00.108230447,Quote,,,4378.5,32.0,4378.75,22.0
2023-09-22 09:30:00.108230447,Quote,,,4378.5,32.0,4378.75,19.0
2023-09-22 09:30:00.108230447,Quote,,,4378.5,32.0,4378.75,15.0
2023-09-22 09:30:00.108230447,Quote,,,4378.5,32.0,4378.75,13.0
2023-09-22 09:30:00.108230447,Quote,,,4378.5,32.0,4378.75,12.0
2023-09-22 09:30:00.157685085,Quote,,,4378.5,32.0,4378.75,9.0
2023-09-22 09:30:00.157685085,Quote,,,4378.5,33.0,4378.75,9.0
2023-09-22 09:30:00.157685085,Quote,,,4378.5,34.0,4378.75,9.0
2023-09-22 09:30:00.157685085,Quote,,,4378.5,34.0,4378.75,8.0
2023-09-22 09:30:00.157685085,Quote,,,4378.5,34.0,4378.75,7.0
2023-09-22 09:30:00.157685085,Quote,,,4378.5,34.0,4378.75,6.0
2023-09-22 09:30:00.157685085,Quote,,,4378.5,34.0,4378.75,5.0
2023-09-22 09:30:00.157685085,Quote,,,4378.5,34.0,4378.75,4.0
2023-09-22 09:30:00.157685085,Quote,,,4378.5,35.0,4378.75,4.0
2023-09-22 09:30:00.157685085,Trade,4378.75,4.0,4378.5,35.0,4378.75,4.0
2023-09-22 09:30:00.157685085,Quote,,,4378.5,35.0,4379.0,52.0
2023-09-22 09:30:00.157685085,Quote,,,4378.75,1.0,4379.0,52.0
2023-09-22 09:30:00.157685085,Quote,,,4378.75,1.0,4379.0,53.0
2023-09-22 09:30:00.157685085,Quote,,,4378.75,2.0,4379.0,53.0
2023-09-22 09:30:00.157685085,Quote,,,4378.75,2.0,4379.0,43.0
2023-09-22 09:30:00.157685085,Trade,4378.75,2.0,4378.75,2.0,4379.0,43.0
2023-09-22 09:30:00.157685085,Quote,,,4378.5,37.0,4379.0,43.0
2023-09-22 09:30:00.157685085,Quote,,,4378.5,36.0,4379.0,43.0
2023-09-22 09:30:00.157685085,Quote,,,4378.5,37.0,4379.0,43.0
2023-09-22 09:30:00.157685085,Quote,,,4378.5,37.0,4379.0,44.0
2023-09-22 09:30:00.157685085,Quote,,,4378.5,37.0,4379.0,45.0
2023-09-22 09:30:00.157685085,Quote,,,4378.5,39.0,4379.0,45.0
2023-09-22 09:30:00.157685085,Quote,,,4378.5,39.0,4379.0,43.0
2023-09-22 09:30:00.157685085,Quote,,,4378.5,39.0,4378.75,1.0
2023-09-22 09:30:00.157685085,Quote,,,4378.5,39.0,4378.75,3.0
2023-09-22 09:30:00.157685085,Quote,,,4378.5,39.0,4378.75,4.0
2023-09-22 09:30:00.157685085,Quote,,,4378.5,40.0,4378.75,4.0
2023-09-22 09:30:00.157685085,Quote,,,4378.5,39.0,4378.75,4.0
2023-09-22 09:30:00.158044883,Quote,,,4378.5,40.0,4378.75,4.0
2023-09-22 09:30:00.158044883,Quote,,,4378.5,39.0,4378.75,4.0
2023-09-22 09:30:00.158044883,Quote,,,4378.5,39.0,4378.75,5.0
2023-09-22 09:30:00.158044883,Quote,,,4378.5,40.0,4378.75,5.0
2023-09-22 09:30:00.158044883,Quote,,,4378.5,40.0,4378.75,4.0
2023-09-22 09:30:00.158044883,Quote,,,4378.5,40.0,4378.75,5.0
2023-09-22 09:30:00.162525653,Quote,,,4378.5,40.0,4378.75,4.0
2023-09-22 09:30:00.162898107,Quote,,,4378.5,40.0,4378.75,3.0
2023-09-22 09:30:00.167988757,Quote,,,4378.5,40.0,4378.75,4.0
2023-09-22 09:30:00.167988757,Quote,,,4378.5,40.0,4378.75,7.0
2023-09-22 09:30:00.167988757,Quote,,,4378.5,40.0,4378.75,8.0
2023-09-22 09:30:00.167988757,Quote,,,4378.5,40.0,4378.75,10.0
2023-09-22 09:30:00.187833848,Quote,,,4378.5,40.0,4378.75,8.0
2023-09-22 09:30:00.187833848,Quote,,,4378.5,40.0,4378.75,7.0
2023-09-22 09:30:00.227592750,Quote,,,4378.5,40.0,4378.75,4.0
2023-09-22 09:30:00.227592750,Quote,,,4378.5,40.0,4378.75,3.0
2023-09-22 09:30:00.272623876,Quote,,,4378.5,40.0,4378.75,4.0
2023-09-22 09:30:00.273398777,Quote,,,4378.5,40.0,4378.75,5.0
2023-09-22 09:30:00.273398777,Quote,,,4378.5,40.0,4378.75,6.0
2023-09-22 09:30:00.273398777,Quote,,,4378.5,40.0,4378.75,9.0
2023-09-22 09:30:00.348154914,Quote,,,4378.5,40.0,4378.75,11.0
2023-09-22 09:30:00.348154914,Quote,,,4378.5,40.0,4378.75,12.0
2023-09-22 09:30:00.348154914,Quote,,,4378.5,40.0,4378.75,13.0
2023-09-22 09:30:00.348154914,Quote,,,4378.5,40.0,4378.75,17.0
2023-09-22 09:30:00.348154914,Quote,,,4378.5,39.0,4378.75,17.0
2023-09-22 09:30:00.348154914,Quote,,,4378.5,39.0,4378.75,18.0
2023-09-22 09:30:00.348154914,Quote,,,4378.5,39.0,4378.75,19.0
2023-09-22 09:30:00.348154914,Quote,,,4378.5,39.0,4378.75,20.0
2023-09-22 09:30:00.518393829,Quote,,,4378.5,39.0,4378.75,21.0
2023-09-22 09:30:00.518393829,Quote,,,4378.5,38.0,4378.75,21.0
2023-09-22 09:30:00.518393829,Quote,,,4378.5,37.0,4378.75,21.0
2023-09-22 09:30:00.518393829,Quote,,,4378.5,36.0,4378.75,21.0
2023-09-22 09:30:00.518393829,Quote,,,4378.5,35.0,4378.75,21.0
2023-09-22 09:30:00.518393829,Quote,,,4378.5,34.0,4378.75,21.0
2023-09-22 09:30:00.518393829,Quote,,,4378.5,31.0,4378.75,21.0
2023-09-22 09:30:00.518393829,Quote,,,4378.5,31.0,4378.75,22.0
2023-09-22 09:30:00.518393829,Quote,,,4378.5,31.0,4378.75,23.0
2023-09-22 09:30:00.518393829,Quote,,,4378.5,30.0,4378.75,23.0
2023-09-22 09:30:00.518393829,Quote,,,4378.5,30.0,4378.75,22.0
2023-09-22 09:30:00.518393829,Quote,,,4378.5,30.0,4378.75,23.0
2023-09-22 09:30:00.523317092,Quote,,,4378.5,30.0,4378.75,27.0
2023-09-22 09:30:00.523317092,Quote,,,4378.5,29.0,4378.75,27.0
2023-09-22 09:30:00.523317092,Quote,,,4378.5,27.0,4378.75,27.0
2023-09-22 09:30:00.523317092,Quote,,,4378.5,23.0,4378.75,27.0
2023-09-22 09:30:00.523317092,Quote,,,4378.5,22.0,4378.75,27.0
2023-09-22 09:30:01.822640679,Quote,,,4378.5,25.0,4378.75,27.0
2023-09-22 09:30:01.822640679,Quote,,,4378.5,25.0,4378.75,26.0
2023-09-22 09:30:01.822640679,Quote,,,4378.5,26.0,4378.75,26.0
2023-09-22 09:30:01.822640679,Quote,,,4378.5,27.0,4378.75,26.0
2023-09-22 09:30:01.822640679,Quote,,,4378.5,27.0,4378.75,25.0
2023-09-22 09:30:01.822640679,Quote,,,4378.5,27.0,4378.75,21.0
2023-09-22 09:30:01.822640679,Quote,,,4378.5,27.0,4378.75,20.0
2023-09-22 09:30:01.822640679,Quote,,,4378.5,31.0,4378.75,20.0
2023-09-22 09:30:01.822640679,Quote,,,4378.5,31.0,4378.75,19.0
2023-09-22 09:30:01.822640679,Quote,,,4378.5,31.0,4378.75,18.0
2023-09-22 09:30:01.872474729,Quote,,,4378.5,31.0,4378.75,19.0
2023-09-22 09:30:01.907461459,Quote,,,4378.5,30.0,4378.75,19.0
2023-09-22 09:30:01.908292293,Quote,,,4378.5,30.0,4378.75,20.0
2023-09-22 09:30:01.908292293,Quote,,,4378.5,29.0,4378.75,20.0
2023-09-22 09:30:02.107509187,Quote,,,4378.5,29.0,4378.75,21.0
2023-09-22 09:30:02.108403414,Quote,,,4378.5,29.0,4378.75,22.0
2023-09-22 09:30:02.108403414,Quote,,,4378.5,25.0,4378.75,22.0
2023-09-22 09:30:02.108403414,Quote,,,4378.5,25.0,4378.75,21.0
2023-09-22 09:30:02.207465300,Quote,,,4378.5,25.0,4378.75,25.0
2023-09-22 09:30:02.208009529,Quote,,,4378.5,22.0,4378.75,25.0
2023-09-22 09:30:02.242758500,Quote,,,4378.5,22.0,4378.75,26.0
2023-09-22 09:30:02.242758500,Quote,,,4378.5,22.0,4378.75,25.0
2023-09-22 09:30:02.242758500,Quote,,,4378.5,22.0,4378.75,26.0
2023-09-22 09:30:02.242758500,Quote,,,4378.5,21.0,4378.75,26.0
2023-09-22 09:30:02.242758500,Quote,,,4378.5,20.0,4378.75,26.0
2023-09-22 09:30:02.242758500,Quote,,,4378.5,19.0,4378.75,26.0
2023-09-22 09:30:02.257754699,Quote,,,4378.5,19.0,4378.75,25.0
2023-09-22 09:30:02.257754699,Quote,,,4378.5,18.0,4378.75,25.0
2023-09-22 09:30:02.257754699,Quote,,,4378.5,18.0,4378.75,26.0
2023-09-22 09:30:02.282644506,Quote,,,4378.5,19.0,4378.75,26.0
2023-09-22 09:30:02.282644506,Quote,,,4378.5,22.0,4378.75,26.0
2023-09-22 09:30:02.282644506,Quote,,,4378.5,23.0,4378.75,26.0
2023-09-22 09:30:02.282644506,Quote,,,4378.5,24.0,4378.75,26.0
2023-09-22 09:30:02.282644506,Quote,,,4378.5,24.0,4378.75,25.0
2023-09-22 09:30:02.282644506,Quote,,,4378.5,25.0,4378.75,25.0
2023-09-22 09:30:02.282644506,Quote,,,4378.5,26.0,4378.75,25.0
2023-09-22 09:30:02.282644506,Quote,,,4378.5,26.0,4378.75,21.0
2023-09-22 09:30:02.282644506,Quote,,,4378.5,26.0,4378.75,20.0
2023-09-22 09:30:02.307472295,Quote,,,4378.5,26.0,4378.75,21.0
2023-09-22 09:30:02.878013758,Quote,,,4378.5,26.0,4378.75,20.0
2023-09-22 09:30:02.982521153,Quote,,,4378.5,30.0,4378.75,20.0
2023-09-22 09:30:03.503217920,Quote,,,4378.5,30.0,4378.75,21.0
2023-09-22 09:30:03.503217920,Quote,,,4378.5,30.0,4378.75,22.0
2023-09-22 09:30:03.503217920,Quote,,,4378.5,30.0,4378.75,23.0
2023-09-22 09:30:03.503217920,Quote,,,4378.5,27.0,4378.75,23.0
2023-09-22 09:30:03.503217920,Quote,,,4378.5,26.0,4378.75,23.0
2023-09-22 09:30:03.503217920,Quote,,,4378.5,25.0,4378.75,23.0
2023-09-22 09:30:03.503217920,Quote,,,4378.5,25.0,4378.75,22.0
2023-09-22 09:30:03.503217920,Quote,,,4378.5,24.0,4378.75,22.0
2023-09-22 09:30:03.582905359,Quote,,,4378.5,24.0,4378.75,26.0
2023-09-22 09:30:03.582905359,Quote,,,4378.5,20.0,4378.75,26.0
2023-09-22 09:30:03.582905359,Quote,,,4378.5,19.0,4378.75,26.0
2023-09-22 09:30:03.928420997,Quote,,,4378.5,20.0,4378.75,26.0
2023-09-22 09:30:03.928420997,Quote,,,4378.5,21.0,4378.75,26.0
2023-09-22 09:30:03.928420997,Quote,,,4378.5,22.0,4378.75,26.0
2023-09-22 09:30:03.928420997,Quote,,,4378.5,23.0,4378.75,26.0
2023-09-22 09:30:03.933332324,Quote,,,4378.5,23.0,4378.75,22.0
2023-09-22 09:30:03.933332324,Quote,,,4378.5,26.0,4378.75,22.0
2023-09-22 09:30:03.933332324,Quote,,,4378.5,26.0,4378.75,21.0
2023-09-22 09:30:03.933332324,Quote,,,4378.5,30.0,4378.75,21.0
2023-09-22 09:30:03.938381262,Quote,,,4378.5,30.0,4378.75,20.0
2023-09-22 09:30:04.102712067,Quote,,,4378.5,30.0,4378.75,21.0
2023-09-22 09:30:04.102712067,Quote,,,4378.5,29.0,4378.75,21.0
2023-09-22 09:30:04.102712067,Quote,,,4378.5,29.0,4378.75,22.0
2023-09-22 09:30:04.102712067,Quote,,,4378.5,26.0,4378.75,22.0
2023-09-22 09:30:04.102712067,Quote,,,4378.5,26.0,4378.75,23.0
2023-09-22 09:30:04.107638565,Quote,,,4378.5,22.0,4378.75,23.0
2023-09-22 09:30:04.107638565,Quote,,,4378.5,22.0,4378.75,27.0
2023-09-22 09:30:04.342599480,Quote,,,4378.5,23.0,4378.75,27.0
2023-09-22 09:30:04.342599480,Quote,,,4378.5,26.0,4378.75,27.0
2023-09-22 09:30:04.342599480,Quote,,,4378.5,26.0,4378.75,26.0
2023-09-22 09:30:04.342599480,Quote,,,4378.5,26.0,4378.75,22.0
2023-09-22 09:30:04.342599480,Quote,,,4378.5,26.0,4378.75,21.0
2023-09-22 09:30:04.342599480,Quote,,,4378.5,26.0,4378.75,20.0
2023-09-22 09:30:04.342599480,Quote,,,4378.5,30.0,4378.75,20.0
2023-09-22 09:30:05.033503000,Quote,,,4378.5,30.0,4378.75,21.0
2023-09-22 09:30:05.033503000,Quote,,,4378.5,27.0,4378.75,21.0
2023-09-22 09:30:05.033503000,Quote,,,4378.5,23.0,4378.75,21.0
2023-09-22 09:30:05.033503000,Quote,,,4378.5,23.0,4378.75,22.0
2023-09-22 09:30:05.033503000,Quote,,,4378.5,23.0,4378.75,23.0
2023-09-22 09:30:05.033503000,Quote,,,4378.5,23.0,4378.75,27.0
2023-09-22 09:30:05.033503000,Quote,,,4378.5,22.0,4378.75,27.0
2023-09-22 09:30:05.112503444,Quote,,,4378.5,23.0,4378.75,27.0
2023-09-22 09:30:05.113159950,Quote,,,4378.5,23.0,4378.75,26.0
2023-09-22 09:30:05.387465047,Quote,,,4378.5,22.0,4378.75,26.0
2023-09-22 09:30:05.402890501,Quote,,,4378.5,22.0,4378.75,29.0
2023-09-22 09:30:05.402890501,Quote,,,4378.5,21.0,4378.75,29.0
2023-09-22 09:30:05.402890501,Quote,,,4378.5,20.0,4378.75,29.0
2023-09-22 09:30:05.402890501,Quote,,,4378.5,19.0,4378.75,29.0
2023-09-22 09:30:05.662481604,Quote,,,4378.5,19.0,4378.75,30.0
2023-09-22 09:30:05.662751817,Quote,,,4378.5,18.0,4378.75,30.0
2023-09-22 09:30:05.662751817,Quote,,,4378.5,17.0,4378.75,30.0
2023-09-22 09:30:05.662751817,Quote,,,4378.5,16.0,4378.75,30.0
2023-09-22 09:30:05.662751817,Quote,,,4378.5,15.0,4378.75,30.0
2023-09-22 09:30:05.662751817,Quote,,,4378.5,15.0,4378.75,32.0
2023-09-22 09:30:05.662751817,Quote,,,4378.5,14.0,4378.75,32.0
2023-09-22 09:30:05.662751817,Quote,,,4378.5,14.0,4378.75,33.0
2023-09-22 09:30:05.662751817,Quote,,,4378.5,10.0,4378.75,33.0
2023-09-22 09:30:05.662751817,Quote,,,4378.5,8.0,4378.75,33.0
2023-09-22 09:30:05.662751817,Quote,,,4378.5,8.0,4378.75,34.0
2023-09-22 09:30:05.662751817,Quote,,,4378.5,8.0,4378.75,35.0
2023-09-22 09:30:05.667786845,Quote,,,4378.5,8.0,4378.75,36.0
2023-09-22 09:30:05.672688090,Quote,,,4378.5,8.0,4378.75,38.0
2023-09-22 09:30:05.672688090,Trade,4378.5,8.0,4378.5,8.0,4378.75,38.0
2023-09-22 09:30:05.672688090,Quote,,,4378.25,41.0,4378.75,38.0
2023-09-22 09:30:05.672688090,Quote,,,4378.25,41.0,4378.5,1.0
2023-09-22 09:30:05.672688090,Quote,,,4378.25,41.0,4378.5,2.0
2023-09-22 09:30:05.672688090,Quote,,,4378.25,41.0,4378.5,3.0
2023-09-22 09:30:05.672688090,Quote,,,4378.25,41.0,4378.5,4.0
2023-09-22 09:30:05.672688090,Quote,,,4378.25,41.0,4378.5,6.0
2023-09-22 09:30:05.672688090,Quote,,,4378.25,42.0,4378.5,6.0
2023-09-22 09:30:05.672688090,Quote,,,4378.25,43.0,4378.5,6.0
2023-09-22 09:30:05.672688090,Quote,,,4378.25,43.0,4378.5,9.0
2023-09-22 09:30:05.672688090,Trade,4378.5,4.0,4378.25,43.0,4378.5,9.0
2023-09-22 09:30:05.672688090,Quote,,,4378.25,43.0,4378.5,5.0
2023-09-22 09:30:05.672688090,Quote,,,4378.25,43.0,4378.5,6.0
2023-09-22 09:30:05.672688090,Quote,,,4378.25,43.0,4378.5,7.0
2023-09-22 09:30:05.672688090,Quote,,,4378.25,42.0,4378.5,7.0
2023-09-22 09:30:05.672688090,Quote,,,4378.25,42.0,4378.5,5.0
2023-09-22 09:30:05.672688090,Trade,4378.5,5.0,4378.25,42.0,4378.5,5.0
2023-09-22 09:30:05.672688090,Quote,,,4378.25,42.0,4378.75,44.0
2023-09-22 09:30:05.672688090,Quote,,,4378.25,43.0,4378.75,44.0
2023-09-22 09:30:05.672688090,Quote,,,4378.5,1.0,4378.75,44.0
2023-09-22 09:30:05.672688090,Quote,,,4378.5,2.0,4378.75,44.0
2023-09-22 09:30:05.672688090,Quote,,,4378.5,3.0,4378.75,44.0
2023-09-22 09:30:05.672818008,Quote,,,4378.5,4.0,4378.75,44.0
2023-09-22 09:30:05.672818008,Quote,,,4378.5,6.0,4378.75,44.0
2023-09-22 09:30:05.672818008,Quote,,,4378.5,5.0,4378.75,44.0
2023-09-22 09:30:05.672818008,Trade,4378.5,5.0,4378.5,5.0,4378.75,44.0
2023-09-22 09:30:05.672818008,Quote,,,4378.25,44.0,4378.75,44.0
2023-09-22 09:30:05.672818008,Quote,,,4378.25,44.0,4378.75,43.0
2023-09-22 09:30:05.672818008,Quote,,,4378.25,43.0,4378.75,43.0
2023-09-22 09:30:05.672818008,Quote,,,4378.25,43.0,4378.5,1.0
2023-09-22 09:30:05.672818008,Quote,,,4378.25,43.0,4378.5,2.0
2023-09-22 09:30:05.672818008,Quote,,,4378.25,43.0,4378.5,4.0
2023-09-22 09:30:05.672818008,Quote,,,4378.25,44.0,4378.5,4.0
2023-09-22 09:30:05.672818008,Trade,4378.5,1.0,4378.25,44.0,4378.5,4.0
2023-09-22 09:30:05.672818008,Quote,,,4378.25,44.0,4378.5,2.0
2023-09-22 09:30:05.672818008,Quote,,,4378.25,44.0,4378.75,44.0
2023-09-22 09:30:05.672818008,Quote,,,4378.25,43.0,4378.75,44.0
2023-09-22 09:30:05.672818008,Quote,,,4378.25,44.0,4378.75,44.0
2023-09-22 09:30:05.672818008,Quote,,,4378.25,45.0,4378.75,44.0
2023-09-22 09:30:05.672818008,Quote,,,4378.25,45.0,4378.5,1.0
2023-09-22 09:30:05.672818008,Quote,,,4378.25,44.0,4378.5,1.0
2023-09-22 09:30:05.672818008,Quote,,,4378.25,43.0,4378.5,1.0
2023-09-22 09:30:05.677677804,Quote,,,4378.25,44.0,4378.5,1.0
2023-09-22 09:30:05.677677804,Quote,,,4378.25,44.0,4378.75,43.0
2023-09-22 09:30:05.677677804,Quote,,,4378.25,45.0,4378.75,43.0
2023-09-22 09:30:05.677677804,Quote,,,4378.25,45.0,4378.75,44.0
2023-09-22 09:30:05.677677804,Quote,,,4378.25,45.0,4378.75,45.0
2023-09-22 09:30:05.677677804,Quote,,,4378.25,45.0,4378.75,46.0
2023-09-22 09:30:05.677677804,Quote,,,4378.25,45.0,4378.75,45.0
2023-09-22 09:30:05.677677804,Quote,,,4378.25,45.0,4378.75,44.0
2023-09-22 09:30:05.677677804,Quote,,,4378.25,45.0,4378.75,45.0
2023-09-22 09:30:05.677677804,Quote,,,4378.25,44.0,4378.75,45.0
2023-09-22 09:30:05.687640522,Quote,,,4378.25,44.0,4378.75,46.0
2023-09-22 09:30:05.687640522,Quote,,,4378.25,44.0,4378.75,47.0
2023-09-22 09:30:05.732520283,Quote,,,4378.25,44.0,4378.5,1.0
2023-09-22 09:30:05.733423154,Quote,,,4378.25,45.0,4378.5,1.0
2023-09-22 09:30:05.733423154,Quote,,,4378.25,46.0,4378.5,1.0
2023-09-22 09:30:05.733423154,Quote,,,4378.25,46.0,4378.75,47.0
2023-09-22 09:30:05.733423154,Quote,,,4378.25,46.0,4378.75,46.0
2023-09-22 09:30:05.733423154,Quote,,,4378.25,46.0,4378.75,47.0
2023-09-22 09:30:05.733423154,Quote,,,4378.25,45.0,4378.75,47.0
2023-09-22 09:30:05.733423154,Quote,,,4378.25,44.0,4378.75,47.0
2023-09-22 09:30:05.743385524,Quote,,,4378.25,44.0,4378.5,1.0
2023-09-22 09:30:05.743385524,Quote,,,4378.25,43.0,4378.5,1.0
2023-09-22 09:30:05.743385524,Quote,,,4378.25,43.0,4378.5,2.0
2023-09-22 09:30:05.743385524,Quote,,,4378.25,43.0,4378.5,3.0
2023-09-22 09:30:05.743385524,Quote,,,4378.25,43.0,4378.5,5.0
2023-09-22 09:30:05.743385524,Quote,,,4378.25,43.0,4378.5,9.0
2023-09-22 09:30:05.743385524,Quote,,,4378.25,43.0,4378.5,10.0
2023-09-22 09:30:05.743385524,Quote,,,4378.25,44.0,4378.5,10.0
2023-09-22 09:30:05.743385524,Quote,,,4378.25,45.0,4378.5,10.0
2023-09-22 09:30:05.747536798,Quote,,,4378.25,45.0,4378.5,8.0
2023-09-22 09:30:05.748454945,Quote,,,4378.25,45.0,4378.5,7.0
2023-09-22 09:30:05.748454945,Quote,,,4378.25,45.0,4378.5,3.0
2023-09-22 09:30:05.748454945,Quote,,,4378.25,45.0,4378.5,2.0
2023-09-22 09:30:05.748454945,Quote,,,4378.25,45.0,4378.5,1.0
2023-09-22 09:30:05.748454945,Quote,,,4378.25,45.0,4378.75,47.0
2023-09-22 09:30:05.748454945,Quote,,,4378.25,46.0,4378.75,47.0
2023-09-22 09:30:05.748454945,Quote,,,4378.25,45.0,4378.75,47.0
2023-09-22 09:30:05.748454945,Quote,,,4378.25,44.0,4378.75,47.0
2023-09-22 09:30:05.748454945,Quote,,,4378.25,44.0,4378.5,1.0
2023-09-22 09:30:05.748454945,Quote,,,4378.25,43.0,4378.5,1.0
2023-09-22 09:30:05.748454945,Quote,,,4378.25,43.0,4378.5,2.0
2023-09-22 09:30:05.748454945,Quote,,,4378.25,43.0,4378.5,4.0
2023-09-22 09:30:05.748454945,Quote,,,4378.25,44.0,4378.5,4.0
2023-09-22 09:30:05.748454945,Quote,,,4378.25,44.0,4378.5,5.0
2023-09-22 09:30:05.748454945,Quote,,,4378.25,44.0,4378.5,6.0
2023-09-22 09:30:05.748454945,Quote,,,4378.25,45.0,4378.5,6.0
2023-09-22 09:30:05.753342005,Quote,,,4378.25,45.0,4378.5,5.0
2023-09-22 09:30:05.758431630,Quote,,,4378.25,45.0,4378.5,4.0
2023-09-22 09:30:05.773249645,Quote,,,4378.25,45.0,4378.5,7.0
2023-09-22 09:30:05.773249645,Quote,,,4378.25,45.0,4378.5,8.0
2023-09-22 09:30:05.773249645,Quote,,,4378.25,45.0,4378.5,9.0
2023-09-22 09:30:05.788296330,Quote,,,4378.25,44.0,4378.5,9.0
2023-09-22 09:30:05.788296330,Quote,,,4378.25,44.0,4378.5,8.0
2023-09-22 09:30:05.788296330,Quote,,,4378.25,44.0,4378.5,5.0
2023-09-22 09:30:05.788296330,Quote,,,4378.25,44.0,4378.5,3.0
2023-09-22 09:30:05.788296330,Quote,,,4378.25,44.0,4378.5,2.0
2023-09-22 09:30:05.788296330,Quote,,,4378.25,44.0,4378.5,1.0
2023-09-22 09:30:05.798249194,Quote,,,4378.25,44.0,4378.75,47.0
2023-09-22 09:30:05.798249194,Quote,,,4378.25,45.0,4378.75,47.0
2023-09-22 09:30:05.798249194,Quote,,,4378.25,44.0,4378.75,47.0
2023-09-22 09:30:05.798249194,Quote,,,4378.25,43.0,4378.75,47.0
2023-09-22 09:30:05.828090047,Quote,,,4378.5,3.0,4378.75,47.0
2023-09-22 09:30:05.828090047,Quote,,,4378.5,3.0,4378.75,46.0
2023-09-22 09:30:05.828090047,Quote,,,4378.5,3.0,4378.75,45.0
2023-09-22 09:30:05.828090047,Quote,,,4378.5,4.0,4378.75,45.0
2023-09-22 09:30:05.828090047,Quote,,,4378.5,5.0,4378.75,45.0
2023-09-22 09:30:05.828090047,Quote,,,4378.5,6.0,4378.75,45.0
2023-09-22 09:30:05.828090047,Quote,,,4378.5,6.0,4378.75,46.0
2023-09-22 09:30:05.828090047,Quote,,,4378.5,5.0,4378.75,46.0
2023-09-22 09:30:05.828090047,Quote,,,4378.5,4.0,4378.75,46.0
2023-09-22 09:30:05.833005314,Quote,,,4378.5,1.0,4378.75,46.0
2023-09-22 09:30:05.833005314,Quote,,,4378.25,43.0,4378.75,46.0
2023-09-22 09:30:05.833005314,Quote,,,4378.25,44.0,4378.75,46.0
2023-09-22 09:30:05.833005314,Quote,,,4378.25,45.0,4378.75,46.0
2023-09-22 09:30:05.917457993,Quote,,,4378.25,45.0,4378.75,47.0
2023-09-22 09:30:05.947525597,Quote,,,4378.25,45.0,4378.5,1.0
2023-09-22 09:30:05.947525597,Quote,,,4378.25,44.0,4378.5,1.0
2023-09-22 09:30:05.947525597,Quote,,,4378.25,44.0,4378.5,5.0
2023-09-22 09:30:05.947525597,Quote,,,4378.25,44.0,4378.5,6.0
2023-09-22 09:30:05.947525597,Quote,,,4378.25,43.0,4378.5,6.0
2023-09-22 09:30:05.947525597,Quote,,,4378.25,43.0,4378.5,7.0
2023-09-22 09:30:05.947525597,Quote,,,4378.25,43.0,4378.5,8.0
2023-09-22 09:30:05.947525597,Quote,,,4378.25,43.0,4378.5,10.0
2023-09-22 09:30:05.947525597,Quote,,,4378.25,42.0,4378.5,10.0
2023-09-22 09:30:06.032507641,Quote,,,4378.25,42.0,4378.5,8.0
2023-09-22 09:30:06.033112203,Quote,,,4378.25,42.0,4378.5,7.0
2023-09-22 09:30:06.033112203,Quote,,,4378.25,42.0,4378.5,6.0
2023-09-22 09:30:06.157608846,Quote,,,4378.25,42.0,4378.5,7.0
2023-09-22 09:30:06.157608846,Quote,,,4378.25,42.0,4378.5,8.0
2023-09-22 09:30:06.157608846,Quote,,,4378.25,42.0,4378.5,11.0
2023-09-22 09:30:06.157608846,Quote,,,4378.25,42.0,4378.5,13.0
2023-09-22 09:30:06.157608846,Quote,,,4378.25,42.0,4378.5,14.0
2023-09-22 09:30:06.157608846,Quote,,,4378.25,42.0,4378.5,15.0
2023-09-22 09:30:06.157608846,Quote,,,4378.25,42.0,4378.5,14.0
2023-09-22 09:30:06.372463637,Quote,,,4378.25,42.0,4378.5,15.0
2023-09-22 09:30:06.377468911,Quote,,,4378.25,41.0,4378.5,15.0
2023-09-22 09:30:06.382495970,Quote,,,4378.25,40.0,4378.5,15.0
2023-09-22 09:30:06.382713478,Quote,,,4378.25,40.0,4378.5,19.0
2023-09-22 09:30:06.382713478,Quote,,,4378.25,40.0,4378.5,20.0
2023-09-22 09:30:06.382713478,Quote,,,4378.25,39.0,4378.5,20.0
2023-09-22 09:30:06.382713478,Quote,,,4378.25,39.0,4378.5,21.0
2023-09-22 09:30:06.382713478,Quote,,,4378.25,39.0,4378.5,22.0
2023-09-22 09:30:06.382713478,Quote,,,4378.25,39.0,4378.5,23.0
2023-09-22 09:30:06.382713478,Quote,,,4378.25,39.0,4378.5,25.0
2023-09-22 09:30:06.382713478,Quote,,,4378.25,36.0,4378.5,25.0
2023-09-22 09:30:06.382713478,Quote,,,4378.25,35.0,4378.5,25.0
2023-09-22 09:30:06.382713478,Quote,,,4378.25,34.0,4378.5,25.0
2023-09-22 09:30:06.382713478,Quote,,,4378.25,34.0,4378.5,26.0
2023-09-22 09:30:06.382713478,Quote,,,4378.25,30.0,4378.5,26.0
2023-09-22 09:30:06.382713478,Quote,,,4378.25,29.0,4378.5,26.0
2023-09-22 09:30:06.382713478,Quote,,,4378.25,28.0,4378.5,26.0
2023-09-22 09:30:06.382713478,Quote,,,4378.25,28.0,4378.5,27.0
2023-09-22 09:30:06.382713478,Quote,,,4378.25,27.0,4378.5,27.0
2023-09-22 09:30:06.382713478,Quote,,,4378.25,26.0,4378.5,27.0
2023-09-22 09:30:06.382713478,Quote,,,4378.25,25.0,4378.5,27.0
2023-09-22 09:30:06.382713478,Quote,,,4378.25,24.0,4378.5,27.0
2023-09-22 09:30:06.382713478,Quote,,,4378.25,23.0,4378.5,27.0
2023-09-22 09:30:06.382713478,Quote,,,4378.25,22.0,4378.5,27.0
2023-09-22 09:30:06.393542669,Quote,,,4378.25,22.0,4378.5,25.0
2023-09-22 09:30:06.393542669,Quote,,,4378.25,22.0,4378.5,24.0
2023-09-22 09:30:06.393542669,Quote,,,4378.25,22.0,4378.5,25.0
2023-09-22 09:30:06.393542669,Quote,,,4378.25,22.0,4378.5,24.0
2023-09-22 09:30:06.393542669,Quote,,,4378.25,22.0,4378.5,25.0
2023-09-22 09:30:06.393542669,Quote,,,4378.25,22.0,4378.5,24.0
2023-09-22 09:30:06.393542669,Quote,,,4378.25,22.0,4378.5,25.0
2023-09-22 09:30:06.393542669,Quote,,,4378.25,22.0,4378.5,24.0
2023-09-22 09:30:06.413468050,Quote,,,4378.25,23.0,4378.5,24.0
2023-09-22 09:30:06.413468050,Quote,,,4378.25,26.0,4378.5,24.0
2023-09-22 09:30:06.413468050,Quote,,,4378.25,27.0,4378.5,24.0
2023-09-22 09:30:06.413468050,Quote,,,4378.25,28.0,4378.5,24.0
2023-09-22 09:30:06.413468050,Quote,,,4378.25,27.0,4378.5,24.0
2023-09-22 09:30:06.413468050,Quote,,,4378.25,28.0,4378.5,24.0
2023-09-22 09:30:06.413468050,Quote,,,4378.25,29.0,4378.5,24.0
2023-09-22 09:30:06.413468050,Quote,,,4378.25,29.0,4378.5,23.0
2023-09-22 09:30:06.453264412,Quote,,,4378.25,28.0,4378.5,23.0
2023-09-22 09:30:07.123325396,Quote,,,4378.25,28.0,4378.5,22.0
2023-09-22 09:30:07.123325396,Quote,,,4378.25,28.0,4378.5,18.0
2023-09-22 09:30:07.123325396,Quote,,,4378.25,29.0,4378.5,18.0
2023-09-22 09:30:07.123325396,Quote,,,4378.25,29.0,4378.5,17.0
2023-09-22 09:30:07.123325396,Quote,,,4378.25,28.0,4378.5,17.0
2023-09-22 09:30:07.123325396,Quote,,,4378.25,32.0,4378.5,17.0
2023-09-22 09:30:07.123325396,Quote,,,4378.25,32.0,4378.5,16.0
2023-09-22 09:30:07.252756213,Quote,,,4378.25,32.0,4378.5,14.0
2023-09-22 09:30:07.252756213,Quote,,,4378.25,32.0,4378.5,13.0
2023-09-22 09:30:07.252756213,Quote,,,4378.25,32.0,4378.5,10.0
2023-09-22 09:30:07.252756213,Quote,,,4378.25,32.0,4378.5,9.0
2023-09-22 09:30:07.252756213,Quote,,,4378.25,32.0,4378.5,8.0
2023-09-22 09:30:07.252756213,Quote,,,4378.25,32.0,4378.5,4.0
2023-09-22 09:30:07.252756213,Quote,,,4378.25,33.0,4378.5,4.0
2023-09-22 09:30:07.252756213,Quote,,,4378.25,34.0,4378.5,4.0
2023-09-22 09:30:07.252756213,Quote,,,4378.25,34.0,4378.5,3.0
2023-09-22 09:30:07.252756213,Quote,,,4378.25,35.0,4378.5,3.0
2023-09-22 09:30:07.252756213,Quote,,,4378.25,36.0,4378.5,3.0
2023-09-22 09:30:07.252756213,Quote,,,4378.25,36.0,4378.5,2.0
2023-09-22 09:30:07.252756213,Quote,,,4378.25,36.0,4378.5,1.0
2023-09-22 09:30:07.252756213,Quote,,,4378.25,37.0,4378.5,1.0
2023-09-22 09:30:07.252756213,Quote,,,4378.25,38.0,4378.5,1.0
2023-09-22 09:30:07.323443327,Quote,,,4378.25,38.0,4378.75,47.0
2023-09-22 09:30:07.323443327,Quote,,,4378.25,39.0,4378.75,47.0
2023-09-22 09:30:07.323443327,Quote,,,4378.25,40.0,4378.75,47.0
2023-09-22 09:30:07.542455303,Quote,,,4378.25,40.0,4378.75,48.0
2023-09-22 09:30:07.542520657,Quote,,,4378.25,39.0,4378.75,48.0
2023-09-22 09:30:07.557532427,Quote,,,4378.25,39.0,4378.5,3.0
2023-09-22 09:30:07.592472147,Quote,,,4378.25,39.0,4378.5,4.0
2023-09-22 09:30:07.593262586,Quote,,,4378.25,39.0,4378.5,7.0
2023-09-22 09:30:07.593262586,Quote,,,4378.25,39.0,4378.5,8.0
2023-09-22 09:30:07.593262586,Quote,,,4378.25,39.0,4378.5,9.0
2023-09-22 09:30:07.593262586,Quote,,,4378.25,39.0,4378.5,11.0
2023-09-22 09:30:07.593262586,Quote,,,4378.25,38.0,4378.5,11.0
2023-09-22 09:30:07.602490713,Quote,,,4378.25,38.0,4378.5,12.0
2023-09-22 09:30:07.603223349,Quote,,,4378.25,38.0,4378.5,13.0
2023-09-22 09:30:07.603223349,Quote,,,4378.25,37.0,4378.5,13.0
2023-09-22 09:30:07.603223349,Quote,,,4378.25,36.0,4378.5,13.0
2023-09-22 09:30:07.603223349,Quote,,,4378.25,36.0,4378.5,17.0
2023-09-22 09:30:07.603223349,Quote,,,4378.25,36.0,4378.5,18.0
2023-09-22 09:30:09.008172600,Quote,,,4378.25,36.0,4378.5,15.0
2023-09-22 09:30:09.008172600,Quote,,,4378.25,36.0,4378.5,14.0
2023-09-22 09:30:09.008172600,Quote,,,4378.25,36.0,4378.5,10.0
2023-09-22 09:30:09.008172600,Quote,,,4378.25,36.0,4378.5,8.0
2023-09-22 09:30:09.008172600,Quote,,,4378.25,36.0,4378.5,7.0
2023-09-22 09:30:09.008172600,Quote,,,4378.25,36.0,4378.5,6.0
2023-09-22 09:30:09.008172600,Quote,,,4378.25,36.0,4378.5,5.0
2023-09-22 09:30:09.112478118,Quote,,,4378.25,36.0,4378.5,8.0
2023-09-22 09:30:09.112584138,Quote,,,4378.25,36.0,4378.5,9.0
2023-09-22 09:30:09.112584138,Quote,,,4378.25,36.0,4378.5,10.0
2023-09-22 09:30:09.112584138,Quote,,,4378.25,36.0,4378.5,11.0
2023-09-22 09:30:09.112584138,Quote,,,4378.25,36.0,4378.5,13.0
2023-09-22 09:30:09.112584138,Quote,,,4378.25,36.0,4378.5,12.0
2023-09-22 09:30:09.112584138,Quote,,,4378.25,36.0,4378.5,16.0
2023-09-22 09:30:09.112584138,Quote,,,4378.25,36.0,4378.5,15.0
2023-09-22 09:30:09.112584138,Quote,,,4378.25,36.0,4378.5,16.0
2023-09-22 09:30:09.117491956,Quote,,,4378.25,36.0,4378.5,17.0
2023-09-22 09:30:09.132640120,Quote,,,4378.25,36.0,4378.5,18.0
2023-09-22 09:30:09.132640120,Quote,,,4378.25,36.0,4378.5,17.0
2023-09-22 09:30:09.212472566,Quote,,,4378.25,36.0,4378.5,18.0
2023-09-22 09:30:09.307473871,Quote,,,4378.25,35.0,4378.5,18.0
2023-09-22 09:30:09.787467770,Quote,,,4378.25,35.0,4378.5,16.0
2023-09-22 09:30:09.792473198,Quote,,,4378.25,35.0,4378.5,15.0
2023-09-22 09:30:09.792572394,Quote,,,4378.25,35.0,4378.5,12.0
2023-09-22 09:30:09.792572394,Quote,,,4378.25,35.0,4378.5,11.0
2023-09-22 09:30:09.802648467,Quote,,,4378.25,35.0,4378.5,10.0
2023-09-22 09:30:09.802648467,Quote,,,4378.25,35.0,4378.5,6.0
2023-09-22 09:30:09.802648467,Quote,,,4378.25,35.0,4378.5,5.0
2023-09-22 09:30:09.802648467,Quote,,,4378.25,35.0,4378.5,4.0
2023-09-22 09:30:10.047508488,Quote,,,4378.25,36.0,4378.5,4.0
2023-09-22 09:30:10.047508488,Quote,,,4378.25,37.0,4378.5,4.0
2023-09-22 09:30:10.147522480,Quote,,,4378.25,38.0,4378.5,4.0
2023-09-22 09:30:10.147693267,Trade,4378.5,1.0,4378.25,38.0,4378.5,4.0
2023-09-22 09:30:10.147693267,Quote,,,4378.25,38.0,4378.5,3.0
2023-09-22 09:30:10.147693267,Trade,4378.5,1.0,4378.25,38.0,4378.5,3.0
2023-09-22 09:30:10.147693267,Quote,,,4378.25,38.0,4378.5,2.0
2023-09-22 09:30:10.147693267,Trade,4378.5,1.0,4378.25,38.0,4378.5,2.0
2023-09-22 09:30:10.147693267,Quote,,,4378.25,38.0,4378.5,1.0
2023-09-22 09:30:10.147693267,Trade,4378.5,1.0,4378.25,38.0,4378.5,1.0
2023-09-22 09:30:10.147693267,Quote,,,4378.5,2.0,4378.75,45.0
2023-09-22 09:30:10.147693267,Quote,,,4378.5,2.0,4378.75,44.0
2023-09-22 09:30:10.147693267,Quote,,,4378.5,3.0,4378.75,44.0
2023-09-22 09:30:10.147693267,Quote,,,4378.5,4.0,4378.75,44.0
2023-09-22 09:30:10.147693267,Quote,,,4378.5,5.0,4378.75,44.0
2023-09-22 09:30:10.147693267,Quote,,,4378.5,8.0,4378.75,44.0
2023-09-22 09:30:10.147693267,Quote,,,4378.5,9.0,4378.75,44.0
2023-09-22 09:30:10.147693267,Quote,,,4378.5,10.0,4378.75,44.0
2023-09-22 09:30:10.147693267,Quote,,,4378.5,12.0,4378.75,44.0
2023-09-22 09:30:10.147693267,Quote,,,4378.5,12.0,4378.75,43.0
2023-09-22 09:30:10.147693267,Quote,,,4378.5,12.0,4378.75,42.0
2023-09-22 09:30:10.147693267,Quote,,,4378.5,12.0,4378.75,41.0
2023-09-22 09:30:10.147693267,Quote,,,4378.5,13.0,4378.75,41.0
2023-09-22 09:30:10.147693267,Quote,,,4378.5,13.0,4378.75,40.0
2023-09-22 09:30:10.147693267,Quote,,,4378.5,14.0,4378.75,40.0
2023-09-22 09:30:10.147693267,Quote,,,4378.5,15.0,4378.75,40.0
2023-09-22 09:30:10.147693267,Quote,,,4378.5,13.0,4378.75,40.0
2023-09-22 09:30:10.148148174,Quote,,,4378.5,14.0,4378.75,40.0
2023-09-22 09:30:10.148148174,Quote,,,4378.5,15.0,4378.75,40.0
2023-09-22 09:30:10.148148174,Quote,,,4378.5,15.0,4378.75,39.0
2023-09-22 09:30:10.148148174,Quote,,,4378.5,14.0,4378.75,39.0
2023-09-22 09:30:10.148148174,Quote,,,4378.5,13.0,4378.75,39.0
2023-09-22 09:30:10.148148174,Quote,,,4378.5,13.0,4378.75,37.0
2023-09-22 09:30:10.148148174,Quote,,,4378.5,14.0,4378.75,37.0
2023-09-22 09:30:10.152496581,Quote,,,4378.5,18.0,4378.75,37.0
2023-09-22 09:30:10.153033263,Quote,,,4378.5,18.0,4378.75,36.0
2023-09-22 09:30:10.153033263,Quote,,,4378.5,20.0,4378.75,36.0
2023-09-22 09:30:10.153033263,Quote,,,4378.5,21.0,4378.75,36.0
2023-09-22 09:30:10.153033263,Quote,,,4378.5,22.0,4378.75,36.0
2023-09-22 09:30:10.153033263,Quote,,,4378.5,23.0,4378.75,36.0
2023-09-22 09:30:10.153033263,Quote,,,4378.5,24.0,4378.75,36.0
2023-09-22 09:30:10.153033263,Quote,,,4378.5,24.0,4378.75,34.0
2023-09-22 09:30:10.153033263,Quote,,,4378.5,24.0,4378.75,33.0
2023-09-22 09:30:10.153033263,Quote,,,4378.5,24.0,4378.75,31.0
2023-09-22 09:30:10.153033263,Quote,,,4378.5,24.0,4378.75,30.0
2023-09-22 09:30:10.158084440,Quote,,,4378.5,25.0,4378.75,30.0
2023-09-22 09:30:10.158084440,Quote,,,4378.5,26.0,4378.75,30.0
2023-09-22 09:30:10.158084440,Quote,,,4378.5,27.0,4378.75,30.0
2023-09-22 09:30:10.158084440,Quote,,,4378.5,27.0,4378.75,26.0
2023-09-22 09:30:10.162988614,Quote,,,4378.5,28.0,4378.75,26.0
2023-09-22 09:30:10.162988614,Quote,,,4378.5,28.0,4378.75,25.0
2023-09-22 09:30:10.162988614,Quote,,,4378.5,28.0,4378.75,24.0
2023-09-22 09:30:10.162988614,Quote,,,4378.5,28.0,4378.75,23.0
2023-09-22 09:30:10.162988614,Quote,,,4378.5,28.0,4378.75,22.0
2023-09-22 09:30:10.168040562,Quote,,,4378.5,27.0,4378.75,22.0
2023-09-22 09:30:10.208894084,Quote,,,4378.5,27.0,4378.75,23.0
2023-09-22 09:30:10.208894084,Quote,,,4378.5,27.0,4378.75,24.0
2023-09-22 09:30:10.208894084,Quote,,,4378.5,26.0,4378.75,24.0
2023-09-22 09:30:11.172503804,Quote,,,4378.5,27.0,4378.75,24.0
2023-09-22 09:30:11.567896396,Quote,,,4378.5,27.0,4378.75,23.0
2023-09-22 09:30:11.567896396,Quote,,,4378.5,27.0,4378.75,22.0
2023-09-22 09:30:11.567896396,Quote,,,4378.5,28.0,4378.75,22.0
2023-09-22 09:30:11.582789797,Quote,,,4378.5,29.0,4378.75,22.0
2023-09-22 09:30:11.582789797,Quote,,,4378.5,30.0,4378.75,22.0
2023-09-22 09:30:11.582789797,Quote,,,4378.5,34.0,4378.75,22.0
2023-09-22 09:30:11.582789797,Quote,,,4378.5,34.0,4378.75,21.0
2023-09-22 09:30:11.582789797,Quote,,,4378.5,34.0,4378.75,20.0
2023-09-22 09:30:11.582789797,Quote,,,4378.5,34.0,4378.75,19.0
2023-09-22 09:30:11.582789797,Quote,,,4378.5,34.0,4378.75,15.0
2023-09-22 09:30:11.582789797,Quote,,,4378.5,35.0,4378.75,15.0
2023-09-22 09:30:11.632705623,Quote,,,4378.5,35.0,4378.75,16.0
2023-09-22 09:30:11.632705623,Quote,,,4378.5,35.0,4378.75,15.0
2023-09-22 09:30:13.023429192,Quote,,,4378.5,35.0,4378.75,16.0
2023-09-22 09:30:13.023429192,Quote,,,4378.5,35.0,4378.75,20.0
2023-09-22 09:30:13.023429192,Quote,,,4378.5,34.0,4378.75,20.0
2023-09-22 09:30:13.023429192,Quote,,,4378.5,34.0,4378.75,21.0
2023-09-22 09:30:13.023429192,Quote,,,4378.5,34.0,4378.75,22.0
2023-09-22 09:30:13.023429192,Quote,,,4378.5,34.0,4378.75,23.0
2023-09-22 09:30:13.023429192,Quote,,,4378.5,30.0,4378.75,23.0
2023-09-22 09:30:13.023429192,Quote,,,4378.5,30.0,4378.75,27.0
2023-09-22 09:30:13.023429192,Quote,,,4378.5,30.0,4378.75,28.0
2023-09-22 09:30:13.023429192,Quote,,,4378.5,30.0,4378.75,29.0
2023-09-22 09:30:13.023429192,Quote,,,4378.5,29.0,4378.75,29.0
2023-09-22 09:30:13.033376336,Quote,,,4378.5,29.0,4378.75,28.0
2023-09-22 09:30:13.033376336,Quote,,,4378.5,29.0,4378.75,27.0
2023-09-22 09:30:13.033376336,Quote,,,4378.5,29.0,4378.75,29.0
2023-09-22 09:30:13.187704344,Quote,,,4378.5,30.0,4378.75,29.0
2023-09-22 09:30:14.408400205,Quote,,,4378.5,28.0,4378.75,29.0
2023-09-22 09:30:14.408400205,Quote,,,4378.5,27.0,4378.75,29.0
2023-09-22 09:30:14.417498988,Quote,,,4378.5,26.0,4378.75,29.0
2023-09-22 09:30:14.418383705,Quote,,,4378.5,25.0,4378.75,29.0
2023-09-22 09:30:14.418383705,Quote,,,4378.5,24.0,4378.75,29.0
2023-09-22 09:30:14.418383705,Quote,,,4378.5,23.0,4378.75,29.0
2023-09-22 09:30:14.418383705,Quote,,,4378.5,22.0,4378.75,29.0
2023-09-22 09:30:14.418383705,Quote,,,4378.5,21.0,4378.75,29.0
2023-09-22 09:30:14.602592482,Quote,,,4378.5,21.0,4378.75,30.0
2023-09-22 09:30:14.613444199,Quote,,,4378.5,20.0,4378.75,30.0
2023-09-22 09:30:14.613444199,Quote,,,4378.5,19.0,4378.75,30.0
2023-09-22 09:30:14.613444199,Quote,,,4378.5,19.0,4378.75,31.0
2023-09-22 09:30:14.613444199,Quote,,,4378.5,18.0,4378.75,31.0
2023-09-22 09:30:14.613444199,Quote,,,4378.5,17.0,4378.75,31.0
2023-09-22 09:30:14.613444199,Quote,,,4378.5,16.0,4378.75,31.0
2023-09-22 09:30:14.613444199,Quote,,,4378.5,16.0,4378.75,32.0
2023-09-22 09:30:14.613444199,Quote,,,4378.5,16.0,4378.75,33.0
2023-09-22 09:30:14.613444199,Quote,,,4378.5,15.0,4378.75,33.0
2023-09-22 09:30:14.613444199,Quote,,,4378.5,12.0,4378.75,33.0
2023-09-22 09:30:14.613444199,Quote,,,4378.5,8.0,4378.75,33.0
2023-09-22 09:30:14.613444199,Quote,,,4378.5,6.0,4378.75,33.0
2023-09-22 09:30:14.613444199,Quote,,,4378.5,6.0,4378.75,35.0
2023-09-22 09:30:14.613444199,Quote,,,4378.5,6.0,4378.75,36.0
2023-09-22 09:30:14.613444199,Quote,,,4378.5,6.0,4378.75,37.0
2023-09-22 09:30:14.618483886,Quote,,,4378.5,6.0,4378.75,38.0
2023-09-22 09:30:14.618483886,Quote,,,4378.5,6.0,4378.75,39.0
2023-09-22 09:30:14.623511469,Quote,,,4378.5,7.0,4378.75,39.0
2023-09-22 09:30:14.688214692,Trade,4378.5,1.0,4378.5,7.0,4378.75,39.0
2023-09-22 09:30:14.688214692,Quote,,,4378.5,6.0,4378.75,39.0
2023-09-22 09:30:14.688214692,Trade,4378.5,1.0,4378.5,6.0,4378.75,39.0
2023-09-22 09:30:14.688214692,Quote,,,4378.5,5.0,4378.75,39.0
2023-09-22 09:30:14.688214692,Trade,4378.5,2.0,4378.5,5.0,4378.75,39.0
2023-09-22 09:30:14.688214692,Quote,,,4378.5,3.0,4378.75,39.0
2023-09-22 09:30:14.688214692,Trade,4378.5,2.0,4378.5,3.0,4378.75,39.0
2023-09-22 09:30:14.688214692,Quote,,,4378.5,1.0,4378.75,39.0
2023-09-22 09:30:14.688214692,Trade,4378.5,1.0,4378.5,1.0,4378.75,39.0
2023-09-22 09:30:14.688214692,Quote,,,4378.25,48.0,4378.5,2.0
2023-09-22 09:30:14.688214692,Quote,,,4378.25,48.0,4378.5,3.0
2023-09-22 09:30:14.688214692,Quote,,,4378.25,48.0,4378.5,4.0
2023-09-22 09:30:14.688214692,Quote,,,4378.25,48.0,4378.5,5.0
2023-09-22 09:30:14.688214692,Quote,,,4378.25,48.0,4378.5,6.0
2023-09-22 09:30:14.688214692,Quote,,,4378.25,48.0,4378.5,7.0
2023-09-22 09:30:14.688214692,Quote,,,4378.25,47.0,4378.5,7.0
2023-09-22 09:30:14.688214692,Quote,,,4378.25,47.0,4378.5,8.0
2023-09-22 09:30:14.688214692,Quote,,,4378.25,47.0,4378.5,9.0
2023-09-22 09:30:14.688214692,Quote,,,4378.25,47.0,4378.5,8.0
2023-09-22 09:30:14.688214692,Quote,,,4378.25,47.0,4378.5,11.0
2023-09-22 09:30:14.688214692,Quote,,,4378.25,48.0,4378.5,11.0
2023-09-22 09:30:14.688214692,Quote,,,4378.25,49.0,4378.5,11.0
2023-09-22 09:30:14.688214692,Quote,,,4378.25,49.0,4378.5,12.0
2023-09-22 09:30:15.482464272,Quote,,,4378.25,49.0,4378.5,11.0
2023-09-22 09:30:15.482681149,Quote,,,4378.25,49.0,4378.5,10.0
2023-09-22 09:30:15.482681149,Quote,,,4378.25,49.0,4378.5,7.0
2023-09-22 09:30:15.482681149,Quote,,,4378.25,49.0,4378.5,6.0
2023-09-22 09:30:15.482681149,Quote,,,4378.25,49.0,4378.5,5.0
2023-09-22 09:30:15.482681149,Quote,,,4378.25,49.0,4378.5,3.0
2023-09-22 09:30:15.482681149,Quote,,,4378.25,48.0,4378.5,3.0
2023-09-22 09:30:15.507459725,Quote,,,4378.25,47.0,4378.5,3.0
2023-09-22 09:30:15.692519742,Quote,,,4378.25,47.0,4378.5,4.0
2023-09-22 09:30:15.692778860,Quote,,,4378.25,47.0,4378.5,5.0
2023-09-22 09:30:15.692778860,Quote,,,4378.25,47.0,4378.5,7.0
2023-09-22 09:30:15.692778860,Quote,,,4378.25,47.0,4378.5,10.0
2023-09-22 09:30:15.692778860,Quote,,,4378.25,47.0,4378.5,11.0
2023-09-22 09:30:15.692778860,Quote,,,4378.25,47.0,4378.5,8.0
2023-09-22 09:30:15.692778860,Quote,,,4378.25,47.0,4378.5,6.0
2023-09-22 09:30:15.692778860,Quote,,,4378.25,47.0,4378.5,5.0
2023-09-22 09:30:15.692778860,Quote,,,4378.25,47.0,4378.5,4.0
2023-09-22 09:30:15.707650903,Quote,,,4378.25,47.0,4378.5,3.0
2023-09-22 09:30:15.892877973,Trade,4378.5,1.0,4378.25,47.0,4378.5,3.0
2023-09-22 09:30:15.892877973,Quote,,,4378.25,47.0,4378.5,2.0
2023-09-22 09:30:15.892877973,Trade,4378.5,2.0,4378.25,47.0,4378.5,2.0
2023-09-22 09:30:15.892877973,Quote,,,4378.25,47.0,4378.75,42.0
2023-09-22 09:30:15.892877973,Quote,,,4378.5,1.0,4378.75,42.0
2023-09-22 09:30:15.892877973,Quote,,,4378.5,1.0,4378.75,43.0
2023-09-22 09:30:15.892877973,Quote,,,4378.5,1.0,4378.75,42.0
2023-09-22 09:30:15.917448181,Quote,,,4378.25,48.0,4378.75,42.0
2023-09-22 09:30:15.987516189,Quote,,,4378.5,1.0,4378.75,42.0
2023-09-22 09:30:15.988463435,Quote,,,4378.5,2.0,4378.75,42.0
2023-09-22 09:30:15.988463435,Quote,,,4378.5,2.0,4378.75,41.0
2023-09-22 09:30:15.988463435,Quote,,,4378.5,3.0,4378.75,41.0
2023-09-22 09:30:15.988463435,Quote,,,4378.5,4.0,4378.75,41.0
2023-09-22 09:30:15.992467587,Quote,,,4378.5,5.0,4378.75,41.0
2023-09-22 09:30:15.993386626,Quote,,,4378.5,6.0,4378.75,41.0
2023-09-22 09:30:15.993386626,Quote,,,4378.5,8.0,4378.75,41.0
2023-09-22 09:30:15.993386626,Quote,,,4378.5,6.0,4378.75,41.0
2023-09-22 09:30:16.003382497,Quote,,,4378.5,5.0,4378.75,41.0
2023-09-22 09:30:16.097506380,Trade,4378.75,1.0,4378.5,5.0,4378.75,41.0
2023-09-22 09:30:16.098022664,Quote,,,4378.5,5.0,4378.75,40.0
2023-09-22 09:30:16.098022664,Quote,,,4378.5,6.0,4378.75,40.0
2023-09-22 09:30:16.098022664,Quote,,,4378.5,7.0,4378.75,40.0
2023-09-22 09:30:16.098022664,Quote,,,4378.5,11.0,4378.75,40.0
2023-09-22 09:30:16.098022664,Quote,,,4378.5,12.0,4378.75,40.0
2023-09-22 09:30:16.098022664,Quote,,,4378.5,11.0,4378.75,40.0
2023-09-22 09:30:16.098022664,Quote,,,4378.5,11.0,4378.75,38.0
2023-09-22 09:30:16.117849178,Quote,,,4378.5,7.0,4378.75,38.0
2023-09-22 09:30:16.117849178,Quote,,,4378.5,6.0,4378.75,38.0
2023-09-22 09:30:16.117849178,Quote,,,4378.5,5.0,4378.75,38.0
2023-09-22 09:30:16.117849178,Quote,,,4378.5,4.0,4378.75,38.0
2023-09-22 09:30:16.458408963,Quote,,,4378.5,8.0,4378.75,38.0
2023-09-22 09:30:16.458408963,Quote,,,4378.5,9.0,4378.75,38.0
2023-09-22 09:30:16.458408963,Quote,,,4378.5,10.0,4378.75,38.0
2023-09-22 09:30:16.458408963,Quote,,,4378.5,13.0,4378.75,38.0
2023-09-22 09:30:16.458408963,Quote,,,4378.5,14.0,4378.75,38.0
2023-09-22 09:30:16.458408963,Quote,,,4378.5,15.0,4378.75,38.0
2023-09-22 09:30:16.458408963,Quote,,,4378.5,15.0,4378.75,34.0
2023-09-22 09:30:16.458408963,Quote,,,4378.5,19.0,4378.75,34.0
2023-09-22 09:30:16.458408963,Quote,,,4378.5,21.0,4378.75,34.0
2023-09-22 09:30:16.458408963,Quote,,,4378.5,21.0,4378.75,33.0
2023-09-22 09:30:16.458408963,Quote,,,4378.5,22.0,4378.75,33.0
2023-09-22 09:30:16.458408963,Quote,,,4378.5,23.0,4378.75,33.0
2023-09-22 09:30:16.458408963,Quote,,,4378.5,24.0,4378.75,33.0
2023-09-22 09:30:16.458408963,Quote,,,4378.5,24.0,4378.75,32.0
2023-09-22 09:30:16.458408963,Quote,,,4378.5,23.0,4378.75,32.0
2023-09-22 09:30:16.458408963,Quote,,,4378.5,23.0,4378.75,30.0
2023-09-22 09:30:16.468358462,Quote,,,4378.5,24.0,4378.75,30.0
2023-09-22 09:30:16.528128822,Quote,,,4378.5,24.0,4378.75,29.0
2023-09-22 09:30:16.528128822,Quote,,,4378.5,24.0,4378.75,28.0
2023-09-22 09:30:16.528128822,Quote,,,4378.5,25.0,4378.75,28.0
2023-09-22 09:30:16.528128822,Quote,,,4378.5,26.0,4378.75,28.0
2023-09-22 09:30:16.528128822,Quote,,,4378.5,27.0,4378.75,28.0
2023-09-22 09:30:16.528128822,Quote,,,4378.5,27.0,4378.75,27.0
2023-09-22 09:30:16.528128822,Quote,,,4378.5,27.0,4378.75,26.0
2023-09-22 09:30:16.597741552,Quote,,,4378.5,26.0,4378.75,26.0
2023-09-22 09:30:16.597741552,Quote,,,4378.5,25.0,4378.75,26.0
2023-09-22 09:30:16.597741552,Quote,,,4378.5,24.0,4378.75,26.0
2023-09-22 09:30:16.597741552,Quote,,,4378.5,23.0,4378.75,26.0
2023-09-22 09:30:17.072705197,Quote,,,4378.5,23.0,4378.75,27.0
2023-09-22 09:30:17.072705197,Quote,,,4378.5,23.0,4378.75,26.0
2023-09-22 09:30:17.072705197,Quote,,,4378.5,23.0,4378.75,27.0
2023-09-22 09:30:17.082648626,Quote,,,4378.5,23.0,4378.75,26.0
2023-09-22 09:30:17.422467544,Quote,,,4378.5,24.0,4378.75,26.0
2023-09-22 09:30:17.423109262,Quote,,,4378.5,25.0,4378.75,26.0
2023-09-22 09:30:17.423109262,Quote,,,4378.5,26.0,4378.75,26.0
2023-09-22 09:30:17.423109262,Quote,,,4378.5,27.0,4378.75,26.0
2023-09-22 09:30:17.423109262,Quote,,,4378.5,28.0,4378.75,26.0
2023-09-22 09:30:17.423109262,Quote,,,4378.5,27.0,4378.75,26.0
2023-09-22 09:30:17.423109262,Quote,,,4378.5,27.0,4378.75,25.0
2023-09-22 09:30:17.648174917,Quote,,,4378.5,26.0,4378.75,25.0
2023-09-22 09:30:17.648174917,Quote,,,4378.5,26.0,4378.75,26.0
2023-09-22 09:30:17.657463875,Quote,,,4378.5,25.0,4378.75,26.0
2023-09-22 09:30:17.658153683,Quote,,,4378.5,24.0,4378.75,26.0
2023-09-22 09:30:18.578147267,Quote,,,4378.5,24.0,4378.75,30.0
2023-09-22 09:30:18.578147267,Quote,,,4378.5,23.0,4378.75,30.0
2023-09-22 09:30:18.578147267,Quote,,,4378.5,20.0,4378.75,30.0
2023-09-22 09:30:18.578147267,Quote,,,4378.5,19.0,4378.75,30.0
2023-09-22 09:30:18.947498346,Quote,,,4378.5,20.0,4378.75,30.0
2023-09-22 09:30:18.948480380,Quote,,,4378.5,21.0,4378.75,30.0
2023-09-22 09:30:18.958429014,Quote,,,4378.5,20.0,4378.75,30.0
2023-09-22 09:30:18.958429014,Quote,,,4378.5,19.0,4378.75,30.0
2023-09-22 09:30:19.188420590,Quote,,,4378.5,17.0,4378.75,30.0
2023-09-22 09:30:19.188420590,Quote,,,4378.5,16.0,4378.75,30.0
2023-09-22 09:30:19.188420590,Quote,,,4378.5,15.0,4378.75,30.0
2023-09-22 09:30:19.188420590,Quote,,,4378.5,14.0,4378.75,30.0
2023-09-22 09:30:19.193339997,Quote,,,4378.5,10.0,4378.75,30.0
2023-09-22 09:30:19.193339997,Quote,,,4378.5,9.0,4378.75,30.0
2023-09-22 09:30:19.193339997,Quote,,,4378.5,9.0,4378.75,31.0
2023-09-22 09:30:19.193339997,Quote,,,4378.5,5.0,4378.75,31.0
2023-09-22 09:30:19.193339997,Quote,,,4378.5,5.0,4378.75,32.0
2023-09-22 09:30:19.193339997,Quote,,,4378.5,4.0,4378.75,32.0
2023-09-22 09:30:19.193339997,Quote,,,4378.5,4.0,4378.75,33.0
2023-09-22 09:30:19.193339997,Quote,,,4378.5,3.0,4378.75,33.0
2023-09-22 09:30:19.193339997,Quote,,,4378.5,3.0,4378.75,35.0
2023-09-22 09:30:19.193339997,Quote,,,4378.5,3.0,4378.75,36.0
2023-09-22 09:30:19.193339997,Quote,,,4378.5,2.0,4378.75,36.0
2023-09-22 09:30:19.193339997,Quote,,,4378.5,1.0,4378.75,36.0
2023-09-22 09:30:19.242448295,Quote,,,4378.25,48.0,4378.75,36.0
2023-09-22 09:30:19.243114226,Quote,,,4378.25,49.0,4378.75,36.0
2023-09-22 09:30:19.243114226,Quote,,,4378.25,52.0,4378.75,36.0
2023-09-22 09:30:19.243114226,Quote,,,4378.25,52.0,4378.75,37.0
2023-09-22 09:30:19.243114226,Quote,,,4378.25,62.0,4378.75,37.0
2023-09-22 09:30:19.243114226,Quote,,,4378.25,62.0,4378.75,38.0
2023-09-22 09:30:19.243114226,Quote,,,4378.5,3.0,4378.75,38.0
2023-09-22 09:30:19.243114226,Quote,,,4378.5,5.0,4378.75,38.0
2023-09-22 09:30:19.243114226,Quote,,,4378.5,6.0,4378.75,38.0
2023-09-22 09:30:19.243114226,Quote,,,4378.5,6.0,4378.75,37.0
2023-09-22 09:30:19.243114226,Quote,,,4378.5,7.0,4378.75,37.0
2023-09-22 09:30:19.243114226,Quote,,,4378.5,7.0,4378.75,36.0
2023-09-22 09:30:19.263033355,Quote,,,4378.5,6.0,4378.75,36.0
2023-09-22 09:30:19.292974761,Quote,,,4378.5,8.0,4378.75,36.0
2023-09-22 09:30:19.292974761,Quote,,,4378.5,9.0,4378.75,36.0
2023-09-22 09:30:19.292974761,Quote,,,4378.5,10.0,4378.75,36.0
2023-09-22 09:30:19.292974761,Quote,,,4378.5,10.0,4378.75,35.0
2023-09-22 09:30:19.307839515,Quote,,,4378.5,9.0,4378.75,35.0
2023-09-22 09:30:19.327763572,Quote,,,4378.5,7.0,4378.75,35.0
2023-09-22 09:30:20.047593694,Quote,,,4378.5,7.0,4378.75,36.0
2023-09-22 09:30:20.062584717,Quote,,,4378.5,7.0,4378.75,37.0
2023-09-22 09:30:21.708372550,Quote,,,4378.5,10.0,4378.75,37.0
2023-09-22 09:30:21.708372550,Quote,,,4378.5,12.0,4378.75,37.0
2023-09-22 09:30:21.708372550,Quote,,,4378.5,13.0,4378.75,37.0
2023-09-22 09:30:21.708372550,Quote,,,4378.5,14.0,4378.75,37.0
2023-09-22 09:30:21.708372550,Quote,,,4378.5,14.0,4378.75,36.0
2023-09-22 09:30:21.708372550,Quote,,,4378.5,18.0,4378.75,36.0
2023-09-22 09:30:21.708372550,Quote,,,4378.5,22.0,4378.75,36.0
2023-09-22 09:30:21.708372550,Quote,,,4378.5,22.0,4378.75,32.0
2023-09-22 09:30:21.708372550,Quote,,,4378.5,22.0,4378.75,33.0
2023-09-22 09:30:21.708372550,Quote,,,4378.5,23.0,4378.75,33.0
2023-09-22 09:30:21.708372550,Quote,,,4378.5,24.0,4378.75,33.0
2023-09-22 09:30:21.708372550,Quote,,,4378.5,23.0,4378.75,33.0
2023-09-22 09:30:21.708372550,Quote,,,4378.5,24.0,4378.75,33.0
2023-09-22 09:30:21.708372550,Quote,,,4378.5,23.0,4378.75,33.0
2023-09-22 09:30:21.708372550,Quote,,,4378.5,23.0,4378.75,32.0
2023-09-22 09:30:21.708372550,Quote,,,4378.5,23.0,4378.75,30.0
2023-09-22 09:30:21.713269607,Quote,,,4378.5,24.0,4378.75,30.0
2023-09-22 09:30:21.713269607,Quote,,,4378.5,25.0,4378.75,30.0
2023-09-22 09:30:21.713269607,Quote,,,4378.5,25.0,4378.75,29.0
2023-09-22 09:30:21.713269607,Quote,,,4378.5,26.0,4378.75,29.0
2023-09-22 09:30:21.713269607,Quote,,,4378.5,26.0,4378.75,28.0
2023-09-22 09:30:21.713269607,Quote,,,4378.5,26.0,4378.75,27.0
2023-09-22 09:30:21.713269607,Quote,,,4378.5,26.0,4378.75,26.0
2023-09-22 09:30:21.713269607,Quote,,,4378.5,27.0,4378.75,26.0
2023-09-22 09:30:21.747467345,Quote,,,4378.5,26.0,4378.75,26.0
2023-09-22 09:30:22.243019743,Quote,,,4378.5,25.0,4378.75,26.0
2023-09-22 09:30:22.243019743,Quote,,,4378.5,25.0,4378.75,27.0
2023-09-22 09:30:22.252457718,Quote,,,4378.5,24.0,4378.75,27.0
2023-09-22 09:30:22.792584429,Quote,,,4378.5,25.0,4378.75,27.0
2023-09-22 09:30:22.792584429,Quote,,,4378.5,26.0,4378.75,27.0
2023-09-22 09:30:22.792584429,Quote,,,4378.5,27.0,4378.75,27.0
2023-09-22 09:30:22.792584429,Quote,,,4378.5,28.0,4378.75,27.0
2023-09-22 09:30:22.792584429,Quote,,,4378.5,28.0,4378.75,26.0
2023-09-22 09:30:23.882800845,Quote,,,4378.5,28.0,4378.75,27.0
2023-09-22 09:30:23.978383189,Quote,,,4378.5,28.0,4378.75,28.0
2023-09-22 09:30:23.978383189,Quote,,,4378.5,28.0,4378.75,27.0
2023-09-22 09:30:23.978383189,Quote,,,4378.5,28.0,4378.75,28.0
2023-09-22 09:30:23.978383189,Quote,,,4378.5,28.0,4378.75,29.0
2023-09-22 09:30:23.978383189,Quote,,,4378.5,28.0,4378.75,28.0
2023-09-22 09:30:23.987479342,Quote,,,4378.5,27.0,4378.75,28.0
2023-09-22 09:30:23.988341322,Quote,,,4378.5,26.0,4378.75,28.0
2023-09-22 09:30:23.988341322,Quote,,,4378.5,25.0,4378.75,28.0
2023-09-22 09:30:23.988341322,Quote,,,4378.5,24.0,4378.75,28.0
2023-09-22 09:30:23.988341322,Quote,,,4378.5,24.0,4378.75,27.0
2023-09-22 09:30:24.003215818,Quote,,,4378.5,24.0,4378.75,26.0
2023-09-22 09:30:24.003215818,Quote,,,4378.5,25.0,4378.75,26.0
2023-09-22 09:30:24.003215818,Quote,,,4378.5,26.0,4378.75,26.0
2023-09-22 09:30:24.003215818,Quote,,,4378.5,27.0,4378.75,26.0
2023-09-22 09:30:24.003215818,Quote,,,4378.5,28.0,4378.75,26.0
2023-09-22 09:30:24.003215818,Quote,,,4378.5,29.0,4378.75,26.0
2023-09-22 09:30:24.003215818,Quote,,,4378.5,29.0,4378.75,27.0
2023-09-22 09:30:24.003215818,Quote,,,4378.5,28.0,4378.75,27.0
2023-09-22 09:30:24.018223363,Quote,,,4378.5,28.0,4378.75,26.0
2023-09-22 09:30:24.038141160,Quote,,,4378.5,29.0,4378.75,26.0
2023-09-22 09:30:24.038141160,Quote,,,4378.5,29.0,4378.75,24.0
2023-09-22 09:30:24.038141160,Quote,,,4378.5,29.0,4378.75,23.0
2023-09-22 09:30:24.038141160,Quote,,,4378.5,29.0,4378.75,22.0
2023-09-22 09:30:24.053078493,Quote,,,4378.5,29.0,4378.75,24.0
2023-09-22 09:30:24.082939691,Quote,,,4378.5,29.0,4378.75,22.0
2023-09-22 09:30:24.142453741,Quote,,,4378.5,29.0,4378.75,23.0
2023-09-22 09:30:24.142664089,Quote,,,4378.5,28.0,4378.75,23.0
2023-09-22 09:30:24.152606663,Quote,,,4378.5,28.0,4378.75,24.0
2023-09-22 09:30:24.177620698,Quote,,,4378.5,28.0,4378.75,23.0
2023-09-22 09:30:24.207479028,Quote,,,4378.5,29.0,4378.75,23.0
2023-09-22 09:30:24.222439802,Quote,,,4378.5,29.0,4378.75,21.0
2023-09-22 09:30:24.223254650,Quote,,,4378.5,29.0,4378.75,20.0
2023-09-22 09:30:24.902500107,Quote,,,4378.5,30.0,4378.75,20.0
2023-09-22 09:30:24.903265003,Quote,,,4378.5,31.0,4378.75,20.0
2023-09-22 09:30:24.903265003,Quote,,,4378.5,31.0,4378.75,16.0
2023-09-22 09:30:24.903265003,Quote,,,4378.5,32.0,4378.75,16.0
2023-09-22 09:30:24.903265003,Quote,,,4378.5,32.0,4378.75,15.0
2023-09-22 09:30:24.903265003,Quote,,,4378.5,32.0,4378.75,14.0
2023-09-22 09:30:24.903265003,Quote,,,4378.5,32.0,4378.75,13.0
2023-09-22 09:30:24.903265003,Quote,,,4378.5,32.0,4378.75,12.0
2023-09-22 09:30:24.903265003,Quote,,,4378.5,33.0,4378.75,12.0
2023-09-22 09:30:24.903265003,Quote,,,4378.5,34.0,4378.75,12.0
2023-09-22 09:30:24.903265003,Quote,,,4378.5,34.0,4378.75,11.0
2023-09-22 09:30:24.903265003,Quote,,,4378.5,33.0,4378.75,11.0
2023-09-22 09:30:24.903265003,Quote,,,4378.5,33.0,4378.75,8.0
2023-09-22 09:30:24.903265003,Quote,,,4378.5,33.0,4378.75,7.0
2023-09-22 09:30:24.903265003,Quote,,,4378.5,33.0,4378.75,6.0
2023-09-22 09:30:24.903265003,Quote,,,4378.5,34.0,4378.75,6.0
2023-09-22 09:30:24.903265003,Quote,,,4378.5,34.0,4378.75,5.0
2023-09-22 09:30:24.903265003,Quote,,,4378.5,34.0,4378.75,4.0
2023-09-22 09:30:24.903265003,Quote,,,4378.5,34.0,4378.75,3.0
2023-09-22 09:30:24.903265003,Quote,,,4378.5,33.0,4378.75,3.0
2023-09-22 09:30:24.903265003,Quote,,,4378.5,33.0,4378.75,4.0
2023-09-22 09:30:24.903265003,Quote,,,4378.5,33.0,4378.75,5.0
2023-09-22 09:30:24.903265003,Quote,,,4378.5,33.0,4378.75,8.0
2023-09-22 09:30:24.903265003,Quote,,,4378.5,38.0,4378.75,8.0
2023-09-22 09:30:24.907455993,Quote,,,4378.5,38.0,4378.75,5.0
2023-09-22 09:30:24.908337334,Quote,,,4378.5,38.0,4378.75,4.0
2023-09-22 09:30:26.077488433,Quote,,,4378.5,38.0,4378.75,7.0
2023-09-22 09:30:26.078165196,Quote,,,4378.5,38.0,4378.75,8.0
2023-09-22 09:30:27.577579013,Quote,,,4378.5,38.0,4378.75,10.0
2023-09-22 09:30:27.577579013,Quote,,,4378.5,38.0,4378.75,11.0
2023-09-22 09:30:27.577579013,Quote,,,4378.5,38.0,4378.75,15.0
2023-09-22 09:30:27.577579013,Quote,,,4378.5,38.0,4378.75,16.0
2023-09-22 09:30:27.577579013,Quote,,,4378.5,38.0,4378.75,17.0
2023-09-22 09:30:27.577579013,Quote,,,4378.5,38.0,4378.75,18.0
2023-09-22 09:30:27.577579013,Quote,,,4378.5,38.0,4378.75,17.0
2023-09-22 09:30:27.577579013,Quote,,,4378.5,38.0,4378.75,18.0
2023-09-22 09:30:27.582553559,Quote,,,4378.5,33.0,4378.75,18.0
2023-09-22 09:30:28.442818215,Quote,,,4378.5,33.0,4378.75,16.0
2023-09-22 09:30:28.442818215,Quote,,,4378.5,33.0,4378.75,15.0
2023-09-22 09:30:29.297975931,Quote,,,4378.5,33.0,4378.75,12.0
2023-09-22 09:30:29.297975931,Quote,,,4378.5,33.0,4378.75,11.0
2023-09-22 09:30:29.297975931,Quote,,,4378.5,34.0,4378.75,11.0
2023-09-22 09:30:29.297975931,Quote,,,4378.5,34.0,4378.75,7.0
2023-09-22 09:30:29.297975931,Quote,,,4378.5,33.0,4378.75,7.0
2023-09-22 09:30:29.297975931,Quote,,,4378.5,33.0,4378.75,6.0
2023-09-22 09:30:29.297975931,Quote,,,4378.5,33.0,4378.75,5.0
2023-09-22 09:30:29.297975931,Quote,,,4378.5,33.0,4378.75,4.0
2023-09-22 09:30:29.297975931,Quote,,,4378.5,33.0,4378.75,3.0
2023-09-22 09:30:29.297975931,Quote,,,4378.5,33.0,4378.75,4.0
2023-09-22 09:30:29.303056525,Quote,,,4378.5,38.0,4378.75,4.0
2023-09-22 09:30:29.423410330,Quote,,,4378.5,38.0,4378.75,5.0
2023-09-22 09:30:29.423410330,Quote,,,4378.5,38.0,4378.75,6.0
2023-09-22 09:30:29.423410330,Quote,,,4378.5,38.0,4378.75,8.0
2023-09-22 09:30:29.423410330,Quote,,,4378.5,38.0,4378.75,9.0
2023-09-22 09:30:29.423410330,Quote,,,4378.5,38.0,4378.75,11.0
2023-09-22 09:30:29.423410330,Quote,,,4378.5,38.0,4378.75,14.0
2023-09-22 09:30:29.423410330,Quote,,,4378.5,38.0,4378.75,15.0
2023-09-22 09:30:29.423410330,Quote,,,4378.5,38.0,4378.75,14.0
2023-09-22 09:30:29.428463039,Quote,,,4378.5,38.0,4378.75,15.0
2023-09-22 09:30:29.428463039,Quote,,,4378.5,38.0,4378.75,16.0
2023-09-22 09:30:29.428463039,Quote,,,4378.5,38.0,4378.75,17.0
2023-09-22 09:30:29.428463039,Quote,,,4378.5,38.0,4378.75,16.0
2023-09-22 09:30:29.428463039,Quote,,,4378.5,38.0,4378.75,17.0
2023-09-22 09:30:29.428463039,Quote,,,4378.5,38.0,4378.75,21.0
2023-09-22 09:30:29.428463039,Quote,,,4378.5,38.0,4378.75,22.0
2023-09-22 09:30:29.428463039,Quote,,,4378.5,38.0,4378.75,21.0
2023-09-22 09:30:29.428463039,Quote,,,4378.5,38.0,4378.75,22.0
2023-09-22 09:30:29.428463039,Quote,,,4378.5,33.0,4378.75,22.0
2023-09-22 09:30:29.428463039,Quote,,,4378.5,32.0,4378.75,22.0
2023-09-22 09:30:29.432493046,Quote,,,4378.5,31.0,4378.75,22.0
2023-09-22 09:30:29.433375605,Quote,,,4378.5,31.0,4378.75,23.0
2023-09-22 09:30:29.433375605,Quote,,,4378.5,31.0,4378.75,24.0
2023-09-22 09:30:29.478248331,Quote,,,4378.5,31.0,4378.75,25.0
2023-09-22 09:30:29.508142589,Quote,,,4378.5,30.0,4378.75,25.0
2023-09-22 09:30:30.277686728,Quote,,,4378.5,26.0,4378.75,25.0
2023-09-22 09:30:30.277686728,Quote,,,4378.5,26.0,4378.75,29.0
2023-09-22 09:30:30.277686728,Quote,,,4378.5,25.0,4378.75,29.0
2023-09-22 09:30:30.277686728,Quote,,,4378.5,24.0,4378.75,29.0
2023-09-22 09:30:30.277686728,Quote,,,4378.5,23.0,4378.75,29.0
2023-09-22 09:30:30.277686728,Quote,,,4378.5,22.0,4378.75,29.0
2023-09-22 09:30:30.277686728,Quote,,,4378.5,21.0,4378.75,29.0
2023-09-22 09:30:30.282550325,Quote,,,4378.5,20.0,4378.75,29.0
2023-09-22 09:30:30.282633616,Quote,,,4378.5,20.0,4378.75,30.0
2023-09-22 09:30:30.282633616,Quote,,,4378.5,21.0,4378.75,30.0
2023-09-22 09:30:30.282633616,Quote,,,4378.5,21.0,4378.75,29.0
2023-09-22 09:30:30.282633616,Quote,,,4378.5,22.0,4378.75,29.0
2023-09-22 09:30:30.282633616,Quote,,,4378.5,23.0,4378.75,29.0
2023-09-22 09:30:30.292664121,Quote,,,4378.5,24.0,4378.75,29.0
2023-09-22 09:30:30.323465723,Quote,,,4378.5,25.0,4378.75,29.0
2023-09-22 09:30:30.333422701,Quote,,,4378.5,26.0,4378.75,29.0
2023-09-22 09:30:30.348436818,Quote,,,4378.5,25.0,4378.75,29.0
2023-09-22 09:30:30.373248991,Quote,,,4378.5,25.0,4378.75,25.0
2023-09-22 09:30:30.373248991,Quote,,,4378.5,25.0,4378.75,24.0
2023-09-22 09:30:30.437478774,Quote,,,4378.5,29.0,4378.75,24.0
2023-09-22 09:30:30.687870146,Quote,,,4378.5,29.0,4378.75,25.0
2023-09-22 09:30:30.883071828,Quote,,,4378.5,29.0,4378.75,24.0
2023-09-22 09:30:31.718419397,Quote,,,4378.5,29.0,4378.75,25.0
2023-09-22 09:30:31.807970392,Quote,,,4378.5,34.0,4378.75,25.0
2023-09-22 09:30:31.807970392,Quote,,,4378.5,35.0,4378.75,25.0
2023-09-22 09:30:32.187475677,Quote,,,4378.5,35.0,4378.75,24.0
2023-09-22 09:30:32.517445622,Quote,,,4378.5,36.0,4378.75,24.0
2023-09-22 09:30:34.927466189,Quote,,,4378.5,31.0,4378.75,24.0
2023-09-22 09:30:34.928302835,Quote,,,4378.5,31.0,4378.75,25.0
2023-09-22 09:30:36.113126561,Quote,,,4378.5,31.0,4378.75,27.0
2023-09-22 09:30:36.442657712,Quote,,,4378.5,27.0,4378.75,27.0
2023-09-22 09:30:36.442657712,Quote,,,4378.5,26.0,4378.75,27.0
2023-09-22 09:30:36.442657712,Quote,,,4378.5,25.0,4378.75,27.0
2023-09-22 09:30:36.442657712,Quote,,,4378.5,24.0,4378.75,27.0
2023-09-22 09:30:36.442657712,Quote,,,4378.5,21.0,4378.75,27.0
2023-09-22 09:30:36.442657712,Quote,,,4378.5,20.0,4378.75,27.0
2023-09-22 09:30:36.442657712,Quote,,,4378.5,20.0,4378.75,28.0
2023-09-22 09:30:36.442657712,Quote,,,4378.5,16.0,4378.75,28.0
2023-09-22 09:30:36.442657712,Quote,,,4378.5,15.0,4378.75,28.0
2023-09-22 09:30:36.442657712,Quote,,,4378.5,15.0,4378.75,32.0
2023-09-22 09:30:36.442657712,Quote,,,4378.5,14.0,4378.75,32.0
2023-09-22 09:30:36.442657712,Quote,,,4378.5,13.0,4378.75,32.0
2023-09-22 09:30:36.442657712,Quote,,,4378.5,13.0,4378.75,33.0
2023-09-22 09:30:36.442657712,Quote,,,4378.5,12.0,4378.75,33.0
2023-09-22 09:30:36.442657712,Quote,,,4378.5,12.0,4378.75,35.0
2023-09-22 09:30:36.452545668,Quote,,,4378.5,12.0,4378.75,34.0
2023-09-22 09:30:36.452545668,Quote,,,4378.5,13.0,4378.75,34.0
2023-09-22 09:30:36.467574900,Quote,,,4378.5,13.0,4378.75,33.0
2023-09-22 09:30:36.477475754,Quote,,,4378.5,15.0,4378.75,33.0
2023-09-22 09:30:36.493392019,Quote,,,4378.5,13.0,4378.75,33.0
2023-09-22 09:30:36.493392019,Quote,,,4378.5,13.0,4378.75,34.0
2023-09-22 09:30:36.493392019,Quote,,,4378.5,12.0,4378.75,34.0
2023-09-22 09:30:37.742962012,Quote,,,4378.5,13.0,4378.75,34.0
2023-09-22 09:30:37.742962012,Quote,,,4378.5,14.0,4378.75,34.0
2023-09-22 09:30:37.742962012,Quote,,,4378.5,18.0,4378.75,34.0
2023-09-22 09:30:37.742962012,Quote,,,4378.5,19.0,4378.75,34.0
2023-09-22 09:30:37.742962012,Quote,,,4378.5,19.0,4378.75,33.0
2023-09-22 09:30:37.742962012,Quote,,,4378.5,20.0,4378.75,33.0
2023-09-22 09:30:37.742962012,Quote,,,4378.5,24.0,4378.75,33.0
2023-09-22 09:30:37.742962012,Quote,,,4378.5,25.0,4378.75,33.0
2023-09-22 09:30:37.742962012,Quote,,,4378.5,25.0,4378.75,31.0
2023-09-22 09:30:37.742962012,Quote,,,4378.5,25.0,4378.75,27.0
2023-09-22 09:30:37.742962012,Quote,,,4378.5,25.0,4378.75,26.0
2023-09-22 09:30:37.757453206,Quote,,,4378.5,25.0,4378.75,27.0
2023-09-22 09:30:37.757836186,Quote,,,4378.5,24.0,4378.75,27.0
2023-09-22 09:30:37.782508708,Quote,,,4378.5,20.0,4378.75,27.0
2023-09-22 09:30:37.782816874,Quote,,,4378.5,20.0,4378.75,28.0
2023-09-22 09:30:37.782816874,Quote,,,4378.5,20.0,4378.75,29.0
2023-09-22 09:30:37.782816874,Quote,,,4378.5,20.0,4378.75,28.0
2023-09-22 09:30:37.782816874,Quote,,,4378.5,20.0,4378.75,29.0
2023-09-22 09:30:37.782816874,Quote,,,4378.5,22.0,4378.75,29.0
2023-09-22 09:30:37.782816874,Quote,,,4378.5,22.0,4378.75,28.0
2023-09-22 09:30:37.782816874,Quote,,,4378.5,22.0,4378.75,27.0
2023-09-22 09:30:37.782816874,Quote,,,4378.5,23.0,4378.75,27.0
2023-09-22 09:30:37.782816874,Quote,,,4378.5,24.0,4378.75,27.0
2023-09-22 09:30:37.792754503,Quote,,,4378.5,22.0,4378.75,27.0
2023-09-22 09:30:37.792754503,Quote,,,4378.5,21.0,4378.75,27.0
2023-09-22 09:30:37.807637707,Quote,,,4378.5,20.0,4378.75,27.0
2023-09-22 09:30:37.807637707,Quote,,,4378.5,20.0,4378.75,28.0
2023-09-22 09:30:37.807637707,Quote,,,4378.5,20.0,4378.75,29.0
2023-09-22 09:30:37.807637707,Quote,,,4378.5,20.0,4378.75,28.0
2023-09-22 09:30:37.812659083,Quote,,,4378.5,20.0,4378.75,27.0
2023-09-22 09:30:37.812659083,Quote,,,4378.5,20.0,4378.75,28.0
2023-09-22 09:30:37.817573169,Quote,,,4378.5,20.0,4378.75,27.0
2023-09-22 09:30:37.903271630,Quote,,,4378.5,20.0,4378.75,28.0
2023-09-22 09:30:37.922456575,Quote,,,4378.5,22.0,4378.75,28.0
2023-09-22 09:30:37.938039611,Quote,,,4378.5,20.0,4378.75,28.0
2023-09-22 09:30:38.002826283,Quote,,,4378.5,20.0,4378.75,27.0
2023-09-22 09:30:38.027457426,Quote,,,4378.5,20.0,4378.75,28.0
2023-09-22 09:30:38.128205093,Quote,,,4378.5,20.0,4378.75,27.0
2023-09-22 09:30:38.163115480,Quote,,,4378.5,20.0,4378.75,28.0
2023-09-22 09:30:38.173086776,Quote,,,4378.5,20.0,4378.75,27.0
2023-09-22 09:30:38.177705766,Quote,,,4378.5,20.0,4378.75,28.0
2023-09-22 09:30:38.177705766,Quote,,,4378.5,18.0,4378.75,28.0
2023-09-22 09:30:38.177705766,Quote,,,4378.5,18.0,4378.75,32.0
2023-09-22 09:30:38.177705766,Quote,,,4378.5,16.0,4378.75,32.0
2023-09-22 09:30:38.177705766,Quote,,,4378.5,13.0,4378.75,32.0
2023-09-22 09:30:38.177705766,Trade,4378.5,1.0,4378.5,13.0,4378.75,32.0
2023-09-22 09:30:38.177705766,Quote,,,4378.5,12.0,4378.75,32.0
2023-09-22 09:30:38.177705766,Trade,4378.5,2.0,4378.5,12.0,4378.75,32.0
2023-09-22 09:30:38.177705766,Quote,,,4378.5,10.0,4378.75,32.0
2023-09-22 09:30:38.177705766,Quote,,,4378.5,9.0,4378.75,32.0
2023-09-22 09:30:38.177705766,Quote,,,4378.5,8.0,4378.75,32.0
2023-09-22 09:30:38.177705766,Quote,,,4378.5,7.0,4378.75,32.0
2023-09-22 09:30:38.177705766,Quote,,,4378.5,3.0,4378.75,32.0
2023-09-22 09:30:38.177705766,Quote,,,4378.5,3.0,4378.75,33.0
2023-09-22 09:30:38.177705766,Quote,,,4378.5,3.0,4378.75,34.0
2023-09-22 09:30:38.177705766,Trade,4378.5,1.0,4378.5,3.0,4378.75,34.0
2023-09-22 09:30:38.177705766,Quote,,,4378.5,2.0,4378.75,34.0
2023-09-22 09:30:38.177705766,Trade,4378.5,1.0,4378.5,2.0,4378.75,34.0
2023-09-22 09:30:38.177705766,Quote,,,4378.5,1.0,4378.75,34.0
2023-09-22 09:30:38.177705766,Trade,4378.5,1.0,4378.5,1.0,4378.75,34.0
2023-09-22 09:30:38.177705766,Quote,,,4378.25,58.0,4378.75,34.0
2023-09-22 09:30:38.177930981,Quote,,,4378.25,58.0,4378.75,35.0
2023-09-22 09:30:38.177930981,Quote,,,4378.25,58.0,4378.75,36.0
2023-09-22 09:30:38.177930981,Quote,,,4378.25,58.0,4378.5,3.0
2023-09-22 09:30:38.177930981,Quote,,,4378.25,61.0,4378.5,3.0
2023-09-22 09:30:38.177930981,Quote,,,4378.25,60.0,4378.5,3.0
2023-09-22 09:30:38.177930981,Quote,,,4378.25,60.0,4378.5,4.0
2023-09-22 09:30:38.177930981,Quote,,,4378.25,60.0,4378.5,6.0
2023-09-22 09:30:38.177930981,Quote,,,4378.25,60.0,4378.5,7.0
2023-09-22 09:30:38.177930981,Quote,,,4378.25,61.0,4378.5,7.0
2023-09-22 09:30:38.177930981,Quote,,,4378.25,62.0,4378.5,7.0
2023-09-22 09:30:38.177930981,Quote,,,4378.25,59.0,4378.5,7.0
2023-09-22 09:30:38.177930981,Quote,,,4378.25,59.0,4378.5,8.0
2023-09-22 09:30:38.177930981,Quote,,,4378.25,59.0,4378.5,12.0
2023-09-22 09:30:38.177930981,Quote,,,4378.25,49.0,4378.5,12.0
2023-09-22 09:30:38.177930981,Quote,,,4378.25,49.0,4378.5,13.0
2023-09-22 09:30:38.177930981,Quote,,,4378.25,48.0,4378.5,13.0
2023-09-22 09:30:38.177930981,Quote,,,4378.25,48.0,4378.5,14.0
2023-09-22 09:30:38.177930981,Quote,,,4378.25,48.0,4378.5,15.0
2023-09-22 09:30:38.177930981,Quote,,,4378.25,47.0,4378.5,15.0
2023-09-22 09:30:38.177930981,Quote,,,4378.25,47.0,4378.5,16.0
2023-09-22 09:30:38.177930981,Quote,,,4378.25,47.0,4378.5,17.0
2023-09-22 09:30:38.177930981,Quote,,,4378.25,47.0,4378.5,18.0
2023-09-22 09:30:38.177930981,Quote,,,4378.25,46.0,4378.5,18.0
2023-09-22 09:30:38.177930981,Quote,,,4378.25,45.0,4378.5,18.0
2023-09-22 09:30:38.177930981,Quote,,,4378.25,44.0,4378.5,18.0
2023-09-22 09:30:38.183040171,Quote,,,4378.25,43.0,4378.5,18.0
2023-09-22 09:30:38.183040171,Quote,,,4378.25,42.0,4378.5,18.0
2023-09-22 09:30:38.183040171,Quote,,,4378.25,37.0,4378.5,18.0
2023-09-22 09:30:38.183040171,Quote,,,4378.25,37.0,4378.5,19.0
2023-09-22 09:30:38.183040171,Quote,,,4378.25,37.0,4378.5,20.0
2023-09-22 09:30:38.183040171,Quote,,,4378.25,36.0,4378.5,20.0
2023-09-22 09:30:38.183040171,Quote,,,4378.25,35.0,4378.5,20.0
2023-09-22 09:30:38.183040171,Quote,,,4378.25,32.0,4378.5,20.0
2023-09-22 09:30:38.183040171,Quote,,,4378.25,31.0,4378.5,20.0
2023-09-22 09:30:38.183040171,Quote,,,4378.25,30.0,4378.5,20.0
2023-09-22 09:30:38.183040171,Quote,,,4378.25,29.0,4378.5,20.0
2023-09-22 09:30:38.183040171,Quote,,,4378.25,29.0,4378.5,21.0
2023-09-22 09:30:38.183040171,Quote,,,4378.25,29.0,4378.5,22.0
2023-09-22 09:30:38.183040171,Quote,,,4378.25,28.0,4378.5,22.0
2023-09-22 09:30:38.183040171,Quote,,,4378.25,27.0,4378.5,22.0
2023-09-22 09:30:38.183040171,Quote,,,4378.25,26.0,4378.5,22.0
2023-09-22 09:30:38.183040171,Quote,,,4378.25,26.0,4378.5,23.0
2023-09-22 09:30:38.183040171,Quote,,,4378.25,22.0,4378.5,23.0
2023-09-22 09:30:38.183040171,Quote,,,4378.25,22.0,4378.5,24.0
2023-09-22 09:30:38.183040171,Quote,,,4378.25,21.0,4378.5,24.0
2023-09-22 09:30:38.183040171,Quote,,,4378.25,21.0,4378.5,25.0
2023-09-22 09:30:38.183040171,Quote,,,4378.25,20.0,4378.5,25.0
2023-09-22 09:30:38.183040171,Quote,,,4378.25,20.0,4378.5,27.0
2023-09-22 09:30:38.183040171,Quote,,,4378.25,19.0,4378.5,27.0
2023-09-22 09:30:38.187966235,Quote,,,4378.25,19.0,4378.5,31.0
2023-09-22 09:30:38.187966235,Quote,,,4378.25,18.0,4378.5,31.0
2023-09-22 09:30:38.187966235,Quote,,,4378.25,19.0,4378.5,31.0
2023-09-22 09:30:38.192726740,Quote,,,4378.25,18.0,4378.5,31.0
2023-09-22 09:30:38.192726740,Quote,,,4378.25,19.0,4378.5,31.0
2023-09-22 09:30:38.192726740,Quote,,,4378.25,21.0,4378.5,31.0
2023-09-22 09:30:38.192726740,Quote,,,4378.25,22.0,4378.5,31.0
2023-09-22 09:30:38.192726740,Quote,,,4378.25,22.0,4378.5,29.0
2023-09-22 09:30:38.192726740,Quote,,,4378.25,22.0,4378.5,25.0
2023-09-22 09:30:38.192726740,Quote,,,4378.25,22.0,4378.5,24.0
2023-09-22 09:30:38.192726740,Quote,,,4378.25,22.0,4378.5,23.0
2023-09-22 09:30:38.192726740,Quote,,,4378.25,22.0,4378.5,22.0
2023-09-22 09:30:38.192726740,Quote,,,4378.25,23.0,4378.5,22.0
2023-09-22 09:30:38.192726740,Quote,,,4378.25,23.0,4378.5,21.0
2023-09-22 09:30:38.192726740,Quote,,,4378.25,23.0,4378.5,20.0
2023-09-22 09:30:38.192726740,Quote,,,4378.25,23.0,4378.5,19.0
2023-09-22 09:30:38.192726740,Quote,,,4378.25,24.0,4378.5,19.0
2023-09-22 09:30:38.192726740,Quote,,,4378.25,25.0,4378.5,19.0
2023-09-22 09:30:38.192726740,Quote,,,4378.25,25.0,4378.5,18.0
2023-09-22 09:30:38.192726740,Quote,,,4378.25,28.0,4378.5,18.0
2023-09-22 09:30:38.192726740,Quote,,,4378.25,28.0,4378.5,17.0
2023-09-22 09:30:38.192726740,Quote,,,4378.25,31.0,4378.5,17.0
2023-09-22 09:30:38.192726740,Quote,,,4378.25,31.0,4378.5,16.0
2023-09-22 09:30:38.192726740,Quote,,,4378.25,31.0,4378.5,15.0
2023-09-22 09:30:38.192726740,Quote,,,4378.25,31.0,4378.5,14.0
2023-09-22 09:30:38.192726740,Quote,,,4378.25,32.0,4378.5,14.0
2023-09-22 09:30:38.192726740,Quote,,,4378.25,33.0,4378.5,14.0
2023-09-22 09:30:38.192726740,Quote,,,4378.25,33.0,4378.5,12.0
2023-09-22 09:30:38.192726740,Quote,,,4378.25,34.0,4378.5,12.0
2023-09-22 09:30:38.193073640,Quote,,,4378.25,34.0,4378.5,11.0
2023-09-22 09:30:38.193073640,Quote,,,4378.25,35.0,4378.5,11.0
2023-09-22 09:30:38.193073640,Quote,,,4378.25,36.0,4378.5,11.0
2023-09-22 09:30:38.193073640,Quote,,,4378.25,37.0,4378.5,11.0
2023-09-22 09:30:38.193073640,Quote,,,4378.25,38.0,4378.5,11.0
2023-09-22 09:30:38.193073640,Quote,,,4378.25,40.0,4378.5,11.0
2023-09-22 09:30:38.197808310,Quote,,,4378.25,45.0,4378.5,11.0
2023-09-22 09:30:38.197808310,Quote,,,4378.25,45.0,4378.5,7.0
2023-09-22 09:30:38.197808310,Quote,,,4378.25,45.0,4378.5,6.0
2023-09-22 09:30:38.197808310,Quote,,,4378.25,46.0,4378.5,6.0
2023-09-22 09:30:38.197808310,Quote,,,4378.25,46.0,4378.5,5.0
2023-09-22 09:30:38.197808310,Trade,4378.5,2.0,4378.25,46.0,4378.5,5.0
2023-09-22 09:30:38.197808310,Quote,,,4378.25,46.0,4378.5,3.0
2023-09-22 09:30:38.197808310,Trade,4378.5,2.0,4378.25,46.0,4378.5,3.0
2023-09-22 09:30:38.197808310,Quote,,,4378.25,46.0,4378.5,1.0
2023-09-22 09:30:38.197808310,Trade,4378.5,1.0,4378.25,46.0,4378.5,1.0
2023-09-22 09:30:38.197808310,Quote,,,4378.25,46.0,4378.75,44.0
2023-09-22 09:30:38.197808310,Quote,,,4378.5,3.0,4378.75,44.0
2023-09-22 09:30:38.197808310,Quote,,,4378.5,5.0,4378.75,44.0
2023-09-22 09:30:38.197808310,Quote,,,4378.5,6.0,4378.75,44.0
2023-09-22 09:30:38.197808310,Quote,,,4378.5,6.0,4378.75,43.0
2023-09-22 09:30:38.197808310,Quote,,,4378.5,4.0,4378.75,43.0
2023-09-22 09:30:38.197808310,Quote,,,4378.5,5.0,4378.75,43.0
2023-09-22 09:30:38.197808310,Quote,,,4378.5,5.0,4378.75,44.0
2023-09-22 09:30:38.197808310,Quote,,,4378.5,5.0,4378.75,43.0
2023-09-22 09:30:38.197808310,Quote,,,4378.5,5.0,4378.75,44.0
2023-09-22 09:30:38.217969650,Quote,,,4378.5,2.0,4378.75,44.0
2023-09-22 09:30:38.217969650,Quote,,,4378.5,1.0,4378.75,44.0
2023-09-22 09:30:38.217969650,Trade,4378.5,1.0,4378.5,1.0,4378.75,44.0
2023-09-22 09:30:38.217969650,Quote,,,4378.25,53.0,4378.75,44.0
2023-09-22 09:30:38.217969650,Quote,,,4378.25,63.0,4378.75,44.0
2023-09-22 09:30:38.217969650,Quote,,,4378.25,63.0,4378.75,45.0
2023-09-22 09:30:38.217969650,Quote,,,4378.25,63.0,4378.75,46.0
2023-09-22 09:30:38.217969650,Quote,,,4378.5,2.0,4378.75,46.0
2023-09-22 09:30:38.217969650,Quote,,,4378.5,4.0,4378.75,46.0
2023-09-22 09:30:38.217969650,Quote,,,4378.5,5.0,4378.75,46.0
2023-09-22 09:30:38.247727190,Quote,,,4378.5,3.0,4378.75,46.0
2023-09-22 09:30:38.247727190,Quote,,,4378.5,1.0,4378.75,46.0
2023-09-22 09:30:38.247727190,Quote,,,4378.25,61.0,4378.75,46.0
2023-09-22 09:30:38.247727190,Quote,,,4378.25,61.0,4378.75,45.0
2023-09-22 09:30:38.267610063,Quote,,,4378.25,61.0,4378.75,46.0
2023-09-22 09:30:38.278609616,Quote,,,4378.5,1.0,4378.75,46.0
2023-09-22 09:30:38.278609616,Quote,,,4378.5,3.0,4378.75,46.0
2023-09-22 09:30:38.278609616,Quote,,,4378.5,4.0,4378.75,46.0
2023-09-22 09:30:38.278609616,Quote,,,4378.5,5.0,4378.75,46.0
2023-09-22 09:30:38.278609616,Quote,,,4378.5,5.0,4378.75,45.0
2023-09-22 09:30:38.278609616,Quote,,,4378.5,6.0,4378.75,45.0
2023-09-22 09:30:38.293483167,Quote,,,4378.5,6.0,4378.75,44.0
2023-09-22 09:30:38.318446384,Quote,,,4378.5,4.0,4378.75,44.0
2023-09-22 09:30:38.318446384,Quote,,,4378.5,3.0,4378.75,44.0
2023-09-22 09:30:38.318446384,Quote,,,4378.5,2.0,4378.75,44.0
2023-09-22 09:30:38.318446384,Quote,,,4378.5,2.0,4378.75,45.0
2023-09-22 09:30:38.318446384,Quote,,,4378.5,1.0,4378.75,45.0
2023-09-22 09:30:38.318446384,Quote,,,4378.25,61.0,4378.75,45.0
2023-09-22 09:30:38.318446384,Quote,,,4378.25,62.0,4378.75,45.0
2023-09-22 09:30:38.353305523,Quote,,,4378.25,62.0,4378.75,46.0
2023-09-22 09:30:38.373211091,Quote,,,4378.25,62.0,4378.75,45.0
2023-09-22 09:30:38.413059167,Quote,,,4378.5,1.0,4378.75,45.0
2023-09-22 09:30:38.413059167,Quote,,,4378.5,2.0,4378.75,45.0
2023-09-22 09:30:38.413059167,Trade,4378.5,2.0,4378.5,2.0,4378.75,45.0
2023-09-22 09:30:38.413059167,Quote,,,4378.25,62.0,4378.75,45.0
2023-09-22 09:30:38.413059167,Quote,,,4378.25,62.0,4378.5,1.0
2023-09-22 09:30:38.413059167,Quote,,,4378.25,63.0,4378.5,1.0
2023-09-22 09:30:38.413059167,Quote,,,4378.25,64.0,4378.5,1.0
2023-09-22 09:30:38.427894782,Quote,,,4378.25,64.0,4378.75,45.0
2023-09-22 09:30:38.427894782,Quote,,,4378.25,64.0,4378.75,46.0
2023-09-22 09:30:38.447821317,Quote,,,4378.25,63.0,4378.75,46.0
2023-09-22 09:30:38.447821317,Quote,,,4378.25,62.0,4378.75,46.0
2023-09-22 09:30:38.672471555,Quote,,,4378.25,62.0,4378.75,45.0
2023-09-22 09:30:38.672866874,Quote,,,4378.25,62.0,4378.75,44.0
2023-09-22 09:30:38.722638135,Quote,,,4378.25,61.0,4378.75,44.0
2023-09-22 09:30:38.757479436,Quote,,,4378.25,61.0,4378.75,45.0
2023-09-22 09:30:39.048172569,Quote,,,4378.25,61.0,4378.75,44.0
2023-09-22 09:30:39.058125851,Quote,,,4378.5,1.0,4378.75,44.0
2023-09-22 09:30:39.058125851,Quote,,,4378.5,2.0,4378.75,44.0
2023-09-22 09:30:39.647511822,Quote,,,4378.5,3.0,4378.75,44.0
2023-09-22 09:30:39.647635807,Quote,,,4378.5,5.0,4378.75,44.0
2023-09-22 09:30:39.647635807,Quote,,,4378.5,6.0,4378.75,44.0
2023-09-22 09:30:39.647635807,Quote,,,4378.5,7.0,4378.75,44.0
2023-09-22 09:30:39.647635807,Quote,,,4378.5,8.0,4378.75,44.0
2023-09-22 09:30:39.647635807,Quote,,,4378.5,9.0,4378.75,44.0
2023-09-22 09:30:39.647635807,Quote,,,4378.5,9.0,4378.75,43.0
2023-09-22 09:30:39.647635807,Quote,,,4378.5,9.0,4378.75,42.0
2023-09-22 09:30:39.647635807,Quote,,,4378.5,8.0,4378.75,42.0
2023-09-22 09:30:39.657511501,Quote,,,4378.5,8.0,4378.75,41.0
2023-09-22 09:30:39.657614326,Quote,,,4378.5,11.0,4378.75,41.0
2023-09-22 09:30:39.657614326,Quote,,,4378.5,15.0,4378.75,41.0
2023-09-22 09:30:39.657614326,Quote,,,4378.5,15.0,4378.75,42.0
2023-09-22 09:30:39.657614326,Quote,,,4378.5,15.0,4378.75,41.0
2023-09-22 09:30:39.657614326,Quote,,,4378.5,16.0,4378.75,41.0
2023-09-22 09:30:39.657614326,Quote,,,4378.5,16.0,4378.75,39.0
2023-09-22 09:30:39.657614326,Quote,,,4378.5,16.0,4378.75,40.0
2023-09-22 09:30:39.657614326,Quote,,,4378.5,16.0,4378.75,39.0
2023-09-22 09:30:39.657614326,Quote,,,4378.5,16.0,4378.75,40.0
2023-09-22 09:30:39.657614326,Quote,,,4378.5,16.0,4378.75,39.0
2023-09-22 09:30:39.657614326,Quote,,,4378.5,16.0,4378.75,40.0
2023-09-22 09:30:39.657614326,Quote,,,4378.5,16.0,4378.75,39.0
2023-09-22 09:30:39.667522626,Quote,,,4378.5,16.0,4378.75,38.0
2023-09-22 09:30:39.667522626,Quote,,,4378.5,16.0,4378.75,36.0
2023-09-22 09:30:39.678478865,Quote,,,4378.5,16.0,4378.75,37.0
2023-09-22 09:30:39.678478865,Quote,,,4378.5,17.0,4378.75,37.0
2023-09-22 09:30:39.678478865,Quote,,,4378.5,19.0,4378.75,37.0
2023-09-22 09:30:39.678478865,Quote,,,4378.5,20.0,4378.75,37.0
2023-09-22 09:30:39.678478865,Quote,,,4378.5,20.0,4378.75,36.0
2023-09-22 09:30:39.678478865,Quote,,,4378.5,20.0,4378.75,32.0
2023-09-22 09:30:39.678478865,Quote,,,4378.5,21.0,4378.75,32.0
2023-09-22 09:30:39.678478865,Quote,,,4378.5,21.0,4378.75,31.0
2023-09-22 09:30:39.678478865,Quote,,,4378.5,21.0,4378.75,30.0
2023-09-22 09:30:39.678478865,Quote,,,4378.5,22.0,4378.75,30.0
2023-09-22 09:30:39.678478865,Quote,,,4378.5,26.0,4378.75,30.0
2023-09-22 09:30:39.678478865,Quote,,,4378.5,27.0,4378.75,30.0
2023-09-22 09:30:39.678478865,Quote,,,4378.5,28.0,4378.75,30.0
2023-09-22 09:30:39.678478865,Quote,,,4378.5,29.0,4378.75,30.0
2023-09-22 09:30:39.678478865,Quote,,,4378.5,29.0,4378.75,29.0
2023-09-22 09:30:39.678478865,Quote,,,4378.5,29.0,4378.75,28.0
2023-09-22 09:30:39.703295346,Quote,,,4378.5,29.0,4378.75,26.0
2023-09-22 09:30:39.708361646,Quote,,,4378.5,29.0,4378.75,27.0
2023-09-22 09:30:39.708361646,Quote,,,4378.5,28.0,4378.75,27.0
2023-09-22 09:30:39.753197388,Quote,,,4378.5,28.0,4378.75,25.0
2023-09-22 09:30:39.753197388,Quote,,,4378.5,28.0,4378.75,24.0
2023-09-22 09:30:39.753197388,Quote,,,4378.5,29.0,4378.75,24.0
2023-09-22 09:30:39.753197388,Quote,,,4378.5,30.0,4378.75,24.0
2023-09-22 09:30:39.753197388,Quote,,,4378.5,31.0,4378.75,24.0
2023-09-22 09:30:39.753197388,Quote,,,4378.5,31.0,4378.75,23.0
2023-09-22 09:30:39.753197388,Quote,,,4378.5,31.0,4378.75,22.0
2023-09-22 09:30:39.753197388,Quote,,,4378.5,31.0,4378.75,21.0
2023-09-22 09:30:39.758055584,Quote,,,4378.5,31.0,4378.75,20.0
2023-09-22 09:30:39.768007349,Quote,,,4378.5,31.0,4378.75,19.0
2023-09-22 09:30:39.768007349,Quote,,,4378.5,32.0,4378.75,19.0
2023-09-22 09:30:39.773071655,Quote,,,4378.5,32.0,4378.75,18.0
2023-09-22 09:30:39.773071655,Quote,,,4378.5,33.0,4378.75,18.0
2023-09-22 09:30:39.773071655,Quote,,,4378.5,33.0,4378.75,17.0
2023-09-22 09:30:40.112541968,Quote,,,4378.5,33.0,4378.75,19.0
2023-09-22 09:30:40.112541968,Quote,,,4378.5,33.0,4378.75,20.0
2023-09-22 09:30:41.847686735,Trade,4378.75,20.0,4378.5,33.0,4378.75,20.0
2023-09-22 09:30:41.847686735,Quote,,,4378.5,33.0,4379.0,52.0
2023-09-22 09:30:41.847686735,Quote,,,4378.5,34.0,4379.0,52.0
2023-09-22 09:30:41.847686735,Quote,,,4378.75,1.0,4379.0,52.0
2023-09-22 09:30:41.847686735,Quote,,,4378.75,2.0,4379.0,52.0
2023-09-22 09:30:41.847686735,Quote,,,4378.75,3.0,4379.0,52.0
2023-09-22 09:30:41.847686735,Quote,,,4378.75,6.0,4379.0,52.0
2023-09-22 09:30:41.847686735,Quote,,,4378.75,6.0,4379.0,42.0
2023-09-22 09:30:41.847686735,Quote,,,4378.75,6.0,4379.0,43.0
2023-09-22 09:30:41.847686735,Quote,,,4378.75,6.0,4379.0,44.0
2023-09-22 09:30:41.847686735,Quote,,,4378.75,6.0,4379.0,43.0
2023-09-22 09:30:41.847686735,Quote,,,4378.75,5.0,4379.0,43.0
2023-09-22 09:30:41.847686735,Quote,,,4378.75,6.0,4379.0,43.0
2023-09-22 09:30:41.847686735,Quote,,,4378.75,3.0,4379.0,43.0
2023-09-22 09:30:41.847686735,Quote,,,4378.75,3.0,4379.0,44.0
2023-09-22 09:30:41.847686735,Quote,,,4378.75,2.0,4379.0,44.0
2023-09-22 09:30:41.847686735,Quote,,,4378.75,1.0,4379.0,44.0
2023-09-22 09:30:41.847686735,Quote,,,4378.75,1.0,4379.0,45.0
2023-09-22 09:30:41.847686735,Quote,,,4378.75,1.0,4379.0,46.0
2023-09-22 09:30:41.847686735,Quote,,,4378.75,3.0,4379.0,46.0
2023-09-22 09:30:41.847686735,Quote,,,4378.75,4.0,4379.0,46.0
2023-09-22 09:30:41.847686735,Quote,,,4378.75,5.0,4379.0,46.0
2023-09-22 09:30:41.847686735,Quote,,,4378.75,8.0,4379.0,46.0
2023-09-22 09:30:41.847686735,Quote,,,4378.75,7.0,4379.0,46.0
2023-09-22 09:30:41.847686735,Quote,,,4378.75,7.0,4379.0,47.0
2023-09-22 09:30:41.847686735,Quote,,,4378.75,10.0,4379.0,47.0
2023-09-22 09:30:41.847686735,Quote,,,4378.75,11.0,4379.0,47.0
2023-09-22 09:30:41.847686735,Quote,,,4378.75,12.0,4379.0,47.0
2023-09-22 09:30:41.847686735,Quote,,,4378.75,11.0,4379.0,47.0
2023-09-22 09:30:41.847686735,Quote,,,4378.75,12.0,4379.0,47.0
2023-09-22 09:30:41.847983295,Quote,,,4378.75,12.0,4379.0,46.0
2023-09-22 09:30:41.847983295,Quote,,,4378.75,12.0,4379.0,45.0
2023-09-22 09:30:41.847983295,Quote,,,4378.75,12.0,4379.0,44.0
2023-09-22 09:30:41.847983295,Quote,,,4378.75,16.0,4379.0,44.0
2023-09-22 09:30:41.847983295,Quote,,,4378.75,16.0,4379.0,43.0
2023-09-22 09:30:41.847983295,Quote,,,4378.75,16.0,4379.0,42.0
2023-09-22 09:30:41.847983295,Quote,,,4378.75,20.0,4379.0,42.0
2023-09-22 09:30:41.847983295,Quote,,,4378.75,20.0,4379.0,41.0
2023-09-22 09:30:41.847983295,Quote,,,4378.75,21.0,4379.0,41.0
2023-09-22 09:30:41.847983295,Quote,,,4378.75,22.0,4379.0,41.0
2023-09-22 09:30:41.847983295,Quote,,,4378.75,22.0,4379.0,39.0
2023-09-22 09:30:41.847983295,Quote,,,4378.75,21.0,4379.0,39.0
2023-09-22 09:30:41.847983295,Quote,,,4378.75,21.0,4379.0,38.0
2023-09-22 09:30:41.847983295,Quote,,,4378.75,21.0,4379.0,39.0
2023-09-22 09:30:41.847983295,Quote,,,4378.75,21.0,4379.0,38.0
2023-09-22 09:30:41.847983295,Quote,,,4378.75,21.0,4379.0,39.0
2023-09-22 09:30:41.847983295,Quote,,,4378.75,21.0,4379.0,38.0
2023-09-22 09:30:41.872839571,Quote,,,4378.75,22.0,4379.0,38.0
2023-09-22 09:30:41.877488025,Quote,,,4378.75,22.0,4379.0,37.0
2023-09-22 09:30:41.877754623,Quote,,,4378.75,23.0,4379.0,37.0
2023-09-22 09:30:41.877754623,Quote,,,4378.75,23.0,4379.0,35.0
2023-09-22 09:30:41.877754623,Quote,,,4378.75,23.0,4379.0,33.0
2023-09-22 09:30:41.877754623,Quote,,,4378.75,23.0,4379.0,29.0
2023-09-22 09:30:41.877754623,Quote,,,4378.75,24.0,4379.0,29.0
2023-09-22 09:30:41.877754623,Quote,,,4378.75,24.0,4379.0,28.0
2023-09-22 09:30:41.877754623,Quote,,,4378.75,26.0,4379.0,28.0
2023-09-22 09:30:41.877754623,Quote,,,4378.75,27.0,4379.0,28.0
2023-09-22 09:30:41.877754623,Quote,,,4378.75,28.0,4379.0,28.0
2023-09-22 09:30:41.877754623,Quote,,,4378.75,29.0,4379.0,28.0
2023-09-22 09:30:41.877754623,Quote,,,4378.75,30.0,4379.0,28.0
2023-09-22 09:30:41.877754623,Quote,,,4378.75,29.0,4379.0,28.0
2023-09-22 09:30:41.877754623,Quote,,,4378.75,29.0,4379.0,27.0
2023-09-22 09:30:41.877754623,Quote,,,4378.75,28.0,4379.0,27.0
2023-09-22 09:30:41.877754623,Quote,,,4378.75,29.0,4379.0,27.0
2023-09-22 09:30:41.877754623,Quote,,,4378.75,30.0,4379.0,27.0
2023-09-22 09:30:41.920960765,Quote,,,4378.75,31.0,4379.0,27.0
2023-09-22 09:30:41.920960765,Quote,,,4378.75,31.0,4379.0,25.0
2023-09-22 09:30:41.920960765,Quote,,,4378.75,31.0,4379.0,24.0
2023-09-22 09:30:41.920960765,Quote,,,4378.75,32.0,4379.0,24.0
2023-09-22 09:30:41.920960765,Quote,,,4378.75,32.0,4379.0,23.0
2023-09-22 09:30:41.920960765,Quote,,,4378.75,33.0,4379.0,23.0
2023-09-22 09:30:41.920960765,Quote,,,4378.75,33.0,4379.0,22.0
2023-09-22 09:30:41.920960765,Quote,,,4378.75,33.0,4379.0,20.0
2023-09-22 09:30:41.920960765,Quote,,,4378.75,32.0,4379.0,20.0
2023-09-22 09:30:41.920960765,Quote,,,4378.75,32.0,4379.0,19.0
2023-09-22 09:30:41.920960765,Quote,,,4378.75,32.0,4379.0,16.0
2023-09-22 09:30:41.920960765,Trade,4379.0,16.0,4378.75,32.0,4379.0,16.0
2023-09-22 09:30:41.920960765,Quote,,,4378.75,32.0,4379.25,70.0
2023-09-22 09:30:41.920960765,Quote,,,4378.75,34.0,4379.25,70.0
2023-09-22 09:30:41.920960765,Quote,,,4378.75,36.0,4379.25,70.0
2023-09-22 09:30:41.920960765,Quote,,,4378.75,37.0,4379.25,70.0
2023-09-22 09:30:41.920960765,Quote,,,4378.75,38.0,4379.25,70.0
2023-09-22 09:30:41.920960765,Quote,,,4378.75,37.0,4379.25,70.0
2023-09-22 09:30:41.920960765,Quote,,,4379.0,3.0,4379.25,70.0
2023-09-22 09:30:41.920960765,Quote,,,4379.0,4.0,4379.25,70.0
2023-09-22 09:30:41.920960765,Quote,,,4379.0,5.0,4379.25,70.0
2023-09-22 09:30:41.920960765,Quote,,,4379.0,5.0,4379.25,69.0
2023-09-22 09:30:41.920960765,Quote,,,4379.0,5.0,4379.25,70.0
2023-09-22 09:30:41.920960765,Quote,,,4379.0,5.0,4379.25,68.0
2023-09-22 09:30:41.920960765,Quote,,,4379.0,5.0,4379.25,69.0
2023-09-22 09:30:41.920960765,Quote,,,4379.0,5.0,4379.25,70.0
2023-09-22 09:30:41.920960765,Quote,,,4379.0,5.0,4379.25,71.0
2023-09-22 09:30:41.920960765,Quote,,,4379.0,4.0,4379.25,71.0
2023-09-22 09:30:41.920960765,Quote,,,4379.0,4.0,4379.25,72.0
2023-09-22 09:30:41.921079700,Quote,,,4379.0,5.0,4379.25,72.0
2023-09-22 09:30:41.921079700,Quote,,,4379.0,2.0,4379.25,72.0
2023-09-22 09:30:41.921079700,Trade,4379.0,1.0,4379.0,2.0,4379.25,72.0
2023-09-22 09:30:41.921079700,Quote,,,4379.0,1.0,4379.25,72.0
2023-09-22 09:30:41.921079700,Quote,,,4379.0,1.0,4379.25,73.0
2023-09-22 09:30:41.921079700,Trade,4379.0,1.0,4379.0,1.0,4379.25,73.0
2023-09-22 09:30:41.921079700,Quote,,,4378.75,39.0,4379.25,73.0
2023-09-22 09:30:41.921079700,Quote,,,4378.75,40.0,4379.25,73.0
2023-09-22 09:30:41.921079700,Quote,,,4379.0,1.0,4379.25,73.0
2023-09-22 09:30:41.921079700,Trade,4379.0,1.0,4379.0,1.0,4379.25,73.0
2023-09-22 09:30:41.921079700,Quote,,,4378.75,40.0,4379.25,73.0
2023-09-22 09:30:41.921079700,Quote,,,4378.75,40.0,4379.0,2.0
2023-09-22 09:30:41.921079700,Quote,,,4378.75,39.0,4379.0,2.0
2023-09-22 09:30:41.921079700,Quote,,,4378.75,39.0,4379.0,3.0
2023-09-22 09:30:41.921079700,Trade,4379.0,1.0,4378.75,39.0,4379.0,3.0
2023-09-22 09:30:41.921079700,Quote,,,4378.75,39.0,4379.25,73.0
2023-09-22 09:30:41.921079700,Quote,,,4378.75,39.0,4379.0,4.0
2023-09-22 09:30:41.921079700,Quote,,,4378.75,39.0,4379.25,72.0
2023-09-22 09:30:41.921079700,Quote,,,4378.75,40.0,4379.25,72.0
2023-09-22 09:30:41.921079700,Quote,,,4378.75,40.0,4379.25,73.0
2023-09-22 09:30:41.921079700,Quote,,,4378.75,40.0,4379.0,1.0
2023-09-22 09:30:41.921079700,Quote,,,4378.75,40.0,4379.0,2.0
2023-09-22 09:30:41.921079700,Trade,4379.0,2.0,4378.75,40.0,4379.0,2.0
2023-09-22 09:30:41.921079700,Quote,,,4378.75,40.0,4379.25,73.0
2023-09-22 09:30:41.921079700,Quote,,,4378.75,39.0,4379.25,73.0
2023-09-22 09:30:41.921547069,Quote,,,4378.75,39.0,4379.0,4.0
2023-09-22 09:30:41.921547069,Trade,4379.0,4.0,4378.75,39.0,4379.0,4.0
2023-09-22 09:30:41.927771725,Quote,,,4378.75,39.0,4379.25,73.0
2023-09-22 09:30:41.927771725,Quote,,,4378.75,39.0,4379.0,1.0
2023-09-22 09:30:41.927771725,Trade,4379.0,1.0,4378.75,39.0,4379.0,1.0
2023-09-22 09:30:41.927771725,Quote,,,4378.75,39.0,4379.25,73.0
2023-09-22 09:30:41.927771725,Quote,,,4378.75,40.0,4379.25,73.0
2023-09-22 09:30:41.927771725,Quote,,,4378.75,41.0,4379.25,73.0
2023-09-22 09:30:41.927771725,Quote,,,4379.0,3.0,4379.25,73.0
2023-09-22 09:30:41.927771725,Quote,,,4379.0,4.0,4379.25,73.0
2023-09-22 09:30:41.927771725,Quote,,,4379.0,5.0,4379.25,73.0
2023-09-22 09:30:41.927771725,Quote,,,4379.0,6.0,4379.25,73.0
2023-09-22 09:30:41.933507631,Quote,,,4379.0,5.0,4379.25,73.0
2023-09-22 09:30:41.933507631,Quote,,,4379.0,4.0,4379.25,73.0
2023-09-22 09:30:41.933507631,Quote,,,4379.0,1.0,4379.25,73.0
2023-09-22 09:30:41.933507631,Quote,,,4378.75,40.0,4379.25,73.0
2023-09-22 09:30:41.933507631,Quote,,,4378.75,41.0,4379.25,73.0
2023-09-22 09:30:41.933507631,Quote,,,4379.0,1.0,4379.25,73.0
2023-09-22 09:30:41.933507631,Quote,,,4378.75,41.0,4379.25,73.0
2023-09-22 09:30:41.937713233,Quote,,,4378.75,42.0,4379.25,73.0
2023-09-22 09:30:41.937713233,Quote,,,4379.0,1.0,4379.25,73.0
2023-09-22 09:30:41.937713233,Quote,,,4379.0,3.0,4379.25,73.0
2023-09-22 09:30:41.937713233,Quote,,,4379.0,2.0,4379.25,73.0
2023-09-22 09:30:41.943316876,Quote,,,4379.0,3.0,4379.25,73.0
2023-09-22 09:30:41.958476821,Quote,,,4379.0,4.0,4379.25,73.0
2023-09-22 09:30:41.958476821,Quote,,,4379.0,7.0,4379.25,73.0
2023-09-22 09:30:41.958476821,Quote,,,4379.0,8.0,4379.25,73.0
2023-09-22 09:30:41.958476821,Quote,,,4379.0,11.0,4379.25,73.0
2023-09-22 09:30:41.958476821,Quote,,,4379.0,12.0,4379.25,73.0
2023-09-22 09:30:41.958476821,Quote,,,4379.0,12.0,4379.25,63.0
2023-09-22 09:30:41.958476821,Quote,,,4379.0,13.0,4379.25,63.0
2023-09-22 09:30:41.958476821,Quote,,,4379.0,12.0,4379.25,63.0
2023-09-22 09:30:41.998221027,Quote,,,4379.0,16.0,4379.25,63.0
2023-09-22 09:30:42.023235500,Quote,,,4379.0,17.0,4379.25,63.0
2023-09-22 09:30:42.028106318,Quote,,,4379.0,18.0,4379.25,63.0
2023-09-22 09:30:42.028106318,Quote,,,4379.0,22.0,4379.25,63.0
2023-09-22 09:30:42.028106318,Quote,,,4379.0,23.0,4379.25,63.0
2023-09-22 09:30:42.028106318,Quote,,,4379.0,23.0,4379.25,59.0
2023-09-22 09:30:42.028106318,Quote,,,4379.0,24.0,4379.25,59.0
2023-09-22 09:30:42.028106318,Quote,,,4379.0,25.0,4379.25,59.0
2023-09-22 09:30:42.043144565,Quote,,,4379.0,26.0,4379.25,59.0
2023-09-22 09:30:42.043144565,Quote,,,4379.0,27.0,4379.25,59.0
2023-09-22 09:30:42.043144565,Quote,,,4379.0,27.0,4379.25,58.0
2023-09-22 09:30:42.043144565,Quote,,,4379.0,27.0,4379.25,57.0
2023-09-22 09:30:42.043144565,Quote,,,4379.0,27.0,4379.25,56.0
2023-09-22 09:30:42.062523376,Quote,,,4379.0,27.0,4379.25,53.0
2023-09-22 09:30:42.063040023,Quote,,,4379.0,27.0,4379.25,51.0
2023-09-22 09:30:42.063040023,Quote,,,4379.0,27.0,4379.25,50.0
2023-09-22 09:30:42.063040023,Quote,,,4379.0,27.0,4379.25,49.0
2023-09-22 09:30:42.063040023,Quote,,,4379.0,27.0,4379.25,47.0
2023-09-22 09:30:42.063040023,Quote,,,4379.0,27.0,4379.25,46.0
2023-09-22 09:30:42.063040023,Quote,,,4379.0,28.0,4379.25,46.0
2023-09-22 09:30:42.107764193,Quote,,,4379.0,28.0,4379.25,45.0
2023-09-22 09:30:42.117716030,Quote,,,4379.0,28.0,4379.25,44.0
2023-09-22 09:30:42.117716030,Quote,,,4379.0,29.0,4379.25,44.0
2023-09-22 09:30:42.117716030,Quote,,,4379.0,30.0,4379.25,44.0
2023-09-22 09:30:42.117716030,Quote,,,4379.0,30.0,4379.25,43.0
2023-09-22 09:30:42.117716030,Quote,,,4379.0,30.0,4379.25,42.0
2023-09-22 09:30:42.117716030,Quote,,,4379.0,31.0,4379.25,42.0
2023-09-22 09:30:42.117716030,Quote,,,4379.0,31.0,4379.25,38.0
2023-09-22 09:30:42.117716030,Quote,,,4379.0,31.0,4379.25,37.0
2023-09-22 09:30:42.117716030,Quote,,,4379.0,33.0,4379.25,37.0
2023-09-22 09:30:42.127757357,Quote,,,4379.0,33.0,4379.25,38.0
2023-09-22 09:30:42.208295188,Quote,,,4379.0,33.0,4379.25,39.0
2023-09-22 09:30:42.863426003,Quote,,,4379.0,34.0,4379.25,39.0
2023-09-22 09:30:43.072602531,Quote,,,4379.0,34.0,4379.25,35.0
2023-09-22 09:30:43.073493144,Quote,,,4379.0,34.0,4379.25,34.0
2023-09-22 09:30:43.073493144,Quote,,,4379.0,34.0,4379.25,33.0
2023-09-22 09:30:43.073493144,Quote,,,4379.0,34.0,4379.25,32.0
2023-09-22 09:30:43.073493144,Quote,,,4379.0,34.0,4379.25,31.0
2023-09-22 09:30:43.073493144,Quote,,,4379.0,34.0,4379.25,30.0
2023-09-22 09:30:43.073493144,Quote,,,4379.0,34.0,4379.25,29.0
2023-09-22 09:30:43.073493144,Quote,,,4379.0,34.0,4379.25,28.0
2023-09-22 09:30:43.142706060,Quote,,,4379.0,34.0,4379.25,27.0
2023-09-22 09:30:43.142706060,Quote,,,4379.0,34.0,4379.25,25.0
2023-09-22 09:30:43.142706060,Quote,,,4379.0,34.0,4379.25,24.0
2023-09-22 09:30:43.142706060,Quote,,,4379.0,34.0,4379.25,23.0
2023-09-22 09:30:43.142706060,Quote,,,4379.0,34.0,4379.25,21.0
2023-09-22 09:30:43.142706060,Quote,,,4379.0,34.0,4379.25,20.0
2023-09-22 09:30:43.142706060,Quote,,,4379.0,35.0,4379.25,20.0
2023-09-22 09:30:43.142706060,Trade,4379.25,8.0,4379.0,35.0,4379.25,20.0
2023-09-22 09:30:43.142706060,Quote,,,4379.0,35.0,4379.25,12.0
2023-09-22 09:30:43.142706060,Trade,4379.25,3.0,4379.0,35.0,4379.25,12.0
2023-09-22 09:30:43.142706060,Quote,,,4379.0,35.0,4379.25,9.0
2023-09-22 09:30:43.142706060,Trade,4379.25,2.0,4379.0,35.0,4379.25,9.0
2023-09-22 09:30:43.142706060,Quote,,,4379.0,35.0,4379.25,7.0
2023-09-22 09:30:43.142706060,Trade,4379.25,4.0,4379.0,35.0,4379.25,7.0
2023-09-22 09:30:43.142706060,Quote,,,4379.0,35.0,4379.25,3.0
2023-09-22 09:30:43.142706060,Trade,4379.25,3.0,4379.0,35.0,4379.25,3.0
2023-09-22 09:30:43.142706060,Quote,,,4379.0,35.0,4379.5,53.0
2023-09-22 09:30:43.142706060,Quote,,,4379.25,1.0,4379.5,53.0
2023-09-22 09:30:43.142706060,Quote,,,4379.25,1.0,4379.5,43.0
2023-09-22 09:30:43.142706060,Trade,4379.25,1.0,4379.25,1.0,4379.5,43.0
2023-09-22 09:30:43.142706060,Quote,,,4379.0,39.0,4379.25,1.0
2023-09-22 09:30:43.143273830,Trade,4379.25,1.0,4379.0,39.0,4379.25,1.0
2023-09-22 09:30:43.143273830,Quote,,,4379.0,39.0,4379.5,42.0
2023-09-22 09:30:43.143273830,Quote,,,4379.0,39.0,4379.5,44.0
2023-09-22 09:30:43.143273830,Quote,,,4379.0,39.0,4379.5,43.0
2023-09-22 09:30:43.143273830,Quote,,,4379.0,39.0,4379.5,44.0
2023-09-22 09:30:43.143273830,Quote,,,4379.0,40.0,4379.5,44.0
2023-09-22 09:30:43.143273830,Quote,,,4379.0,40.0,4379.5,42.0
2023-09-22 09:30:43.143273830,Quote,,,4379.0,40.0,4379.5,43.0
2023-09-22 09:30:43.143273830,Quote,,,4379.0,40.0,4379.25,1.0
2023-09-22 09:30:43.143273830,Quote,,,4379.0,40.0,4379.25,2.0
2023-09-22 09:30:43.143273830,Trade,4379.25,2.0,4379.0,40.0,4379.25,2.0
2023-09-22 09:30:43.143273830,Quote,,,4379.0,40.0,4379.5,47.0
2023-09-22 09:30:43.143273830,Quote,,,4379.0,40.0,4379.25,1.0
2023-09-22 09:30:43.143273830,Quote,,,4379.0,39.0,4379.25,1.0
2023-09-22 09:30:43.143273830,Trade,4379.25,1.0,4379.0,39.0,4379.25,1.0
2023-09-22 09:30:43.143273830,Quote,,,4379.0,39.0,4379.5,46.0
2023-09-22 09:30:43.143273830,Quote,,,4379.0,39.0,4379.5,47.0
2023-09-22 09:30:43.143273830,Quote,,,4379.0,39.0,4379.5,45.0
2023-09-22 09:30:43.143273830,Quote,,,4379.0,39.0,4379.5,46.0
2023-09-22 09:30:43.143273830,Quote,,,4379.0,38.0,4379.5,46.0
2023-09-22 09:30:43.143273830,Quote,,,4379.25,1.0,4379.5,46.0
2023-09-22 09:30:43.143273830,Quote,,,4379.25,1.0,4379.5,45.0
2023-09-22 09:30:43.148180490,Quote,,,4379.0,38.0,4379.5,45.0
2023-09-22 09:30:43.148180490,Quote,,,4379.0,39.0,4379.5,45.0
2023-09-22 09:30:43.148180490,Quote,,,4379.0,38.0,4379.5,45.0
2023-09-22 09:30:43.148180490,Quote,,,4379.25,1.0,4379.5,45.0
2023-09-22 09:30:43.148180490,Quote,,,4379.0,38.0,4379.5,45.0
2023-09-22 09:30:43.148180490,Quote,,,4379.25,1.0,4379.5,45.0
2023-09-22 09:30:43.148180490,Quote,,,4379.0,38.0,4379.5,45.0
2023-09-22 09:30:43.153228956,Quote,,,4379.0,40.0,4379.5,45.0
2023-09-22 09:30:43.153228956,Quote,,,4379.0,41.0,4379.5,45.0
2023-09-22 09:30:43.153228956,Quote,,,4379.25,1.0,4379.5,45.0
2023-09-22 09:30:43.153228956,Quote,,,4379.25,2.0,4379.5,45.0
2023-09-22 09:30:43.158128604,Quote,,,4379.25,5.0,4379.5,45.0
2023-09-22 09:30:43.163235048,Quote,,,4379.25,6.0,4379.5,45.0
2023-09-22 09:30:43.163235048,Quote,,,4379.25,8.0,4379.5,45.0
2023-09-22 09:30:43.163235048,Quote,,,4379.25,9.0,4379.5,45.0
2023-09-22 09:30:43.163235048,Quote,,,4379.25,10.0,4379.5,45.0
2023-09-22 09:30:43.163235048,Quote,,,4379.25,11.0,4379.5,45.0
2023-09-22 09:30:43.163235048,Quote,,,4379.25,11.0,4379.5,44.0
2023-09-22 09:30:43.163235048,Quote,,,4379.25,12.0,4379.5,44.0
2023-09-22 09:30:43.163235048,Quote,,,4379.25,12.0,4379.5,43.0
2023-09-22 09:30:43.163235048,Quote,,,4379.25,12.0,4379.5,42.0
2023-09-22 09:30:43.163235048,Quote,,,4379.25,12.0,4379.5,41.0
2023-09-22 09:30:43.163235048,Quote,,,4379.25,11.0,4379.5,41.0
2023-09-22 09:30:43.193053376,Quote,,,4379.25,10.0,4379.5,41.0
2023-09-22 09:30:43.193053376,Quote,,,4379.25,7.0,4379.5,41.0
2023-09-22 09:30:43.217872619,Quote,,,4379.25,8.0,4379.5,41.0
2023-09-22 09:30:43.222917435,Quote,,,4379.25,8.0,4379.5,42.0
2023-09-22 09:30:43.407478861,Quote,,,4379.25,10.0,4379.5,42.0
2023-09-22 09:30:43.408027476,Quote,,,4379.25,11.0,4379.5,42.0
2023-09-22 09:30:43.408027476,Quote,,,4379.25,11.0,4379.5,41.0
2023-09-22 09:30:43.413114097,Quote,,,4379.25,11.0,4379.5,40.0
2023-09-22 09:30:43.442477306,Quote,,,4379.25,10.0,4379.5,40.0
2023-09-22 09:30:43.548475828,Quote,,,4379.25,11.0,4379.5,40.0
2023-09-22 09:30:43.932517676,Quote,,,4379.25,10.0,4379.5,40.0
2023-09-22 09:30:43.932776219,Quote,,,4379.25,9.0,4379.5,40.0
2023-09-22 09:30:44.002522492,Quote,,,4379.25,10.0,4379.5,40.0
2023-09-22 09:30:44.003411040,Quote,,,4379.25,11.0,4379.5,40.0
2023-09-22 09:30:44.003411040,Quote,,,4379.25,10.0,4379.5,40.0
2023-09-22 09:30:44.003411040,Quote,,,4379.25,11.0,4379.5,40.0
2023-09-22 09:30:44.003411040,Quote,,,4379.25,15.0,4379.5,40.0
2023-09-22 09:30:44.003411040,Quote,,,4379.25,16.0,4379.5,40.0
2023-09-22 09:30:44.003411040,Quote,,,4379.25,20.0,4379.5,40.0
2023-09-22 09:30:44.167445092,Quote,,,4379.25,21.0,4379.5,40.0
2023-09-22 09:30:44.412669915,Quote,,,4379.25,22.0,4379.5,40.0
2023-09-22 09:30:45.107450416,Quote,,,4379.25,22.0,4379.5,41.0
2023-09-22 09:30:45.107567993,Quote,,,4379.25,18.0,4379.5,41.0
2023-09-22 09:30:45.107567993,Quote,,,4379.25,17.0,4379.5,41.0
2023-09-22 09:30:45.107567993,Quote,,,4379.25,13.0,4379.5,41.0
2023-09-22 09:30:45.107567993,Quote,,,4379.25,12.0,4379.5,41.0
2023-09-22 09:30:45.117516871,Quote,,,4379.25,11.0,4379.5,41.0
2023-09-22 09:30:45.153373741,Quote,,,4379.25,10.0,4379.5,41.0
2023-09-22 09:30:45.153373741,Quote,,,4379.25,11.0,4379.5,41.0
2023-09-22 09:30:45.158340497,Quote,,,4379.25,11.0,4379.5,40.0
2023-09-22 09:30:45.183324552,Quote,,,4379.25,12.0,4379.5,40.0
2023-09-22 09:30:45.183324552,Quote,,,4379.25,13.0,4379.5,40.0
2023-09-22 09:30:45.183324552,Quote,,,4379.25,17.0,4379.5,40.0
2023-09-22 09:30:45.183324552,Quote,,,4379.25,18.0,4379.5,40.0
2023-09-22 09:30:45.183324552,Quote,,,4379.25,19.0,4379.5,40.0
2023-09-22 09:30:45.352530581,Quote,,,4379.25,19.0,4379.5,41.0
2023-09-22 09:30:46.532533839,Quote,,,4379.25,19.0,4379.5,40.0
2023-09-22 09:30:46.533410843,Quote,,,4379.25,20.0,4379.5,40.0
2023-09-22 09:30:46.533410843,Quote,,,4379.25,24.0,4379.5,40.0
2023-09-22 09:30:46.533410843,Quote,,,4379.25,24.0,4379.5,36.0
2023-09-22 09:30:46.533410843,Quote,,,4379.25,25.0,4379.5,36.0
2023-09-22 09:30:46.533410843,Quote,,,4379.25,26.0,4379.5,36.0
2023-09-22 09:30:46.533410843,Quote,,,4379.25,27.0,4379.5,36.0
2023-09-22 09:30:46.533410843,Quote,,,4379.25,27.0,4379.5,35.0
2023-09-22 09:30:46.607490926,Quote,,,4379.25,27.0,4379.5,33.0
2023-09-22 09:30:46.607979381,Quote,,,4379.25,27.0,4379.5,32.0
2023-09-22 09:30:46.642903732,Quote,,,4379.25,28.0,4379.5,32.0
2023-09-22 09:30:46.642903732,Quote,,,4379.25,28.0,4379.5,31.0
2023-09-22 09:30:47.472476754,Trade,4379.25,1.0,4379.25,28.0,4379.5,31.0
2023-09-22 09:30:47.473265401,Quote,,,4379.25,27.0,4379.5,31.0
2023-09-22 09:30:47.607457106,Quote,,,4379.25,26.0,4379.5,31.0
2023-09-22 09:30:47.688234668,Quote,,,4379.25,25.0,4379.5,31.0
2023-09-22 09:30:47.688234668,Quote,,,4379.25,24.0,4379.5,31.0
2023-09-22 09:30:47.688234668,Quote,,,4379.25,23.0,4379.5,31.0
2023-09-22 09:30:47.742480555,Quote,,,4379.25,23.0,4379.5,32.0
2023-09-22 09:30:49.957483749,Quote,,,4379.25,24.0,4379.5,32.0
2023-09-22 09:30:49.958273322,Quote,,,4379.25,25.0,4379.5,32.0
2023-09-22 09:30:50.277872717,Quote,,,4379.25,26.0,4379.5,32.0
2023-09-22 09:30:50.277872717,Quote,,,4379.25,27.0,4379.5,32.0
2023-09-22 09:30:50.277872717,Quote,,,4379.25,28.0,4379.5,32.0
2023-09-22 09:30:50.277872717,Quote,,,4379.25,29.0,4379.5,32.0
2023-09-22 09:30:50.277872717,Quote,,,4379.25,29.0,4379.5,31.0
2023-09-22 09:30:50.277872717,Quote,,,4379.25,29.0,4379.5,30.0
2023-09-22 09:30:50.277872717,Quote,,,4379.25,30.0,4379.5,30.0
2023-09-22 09:30:50.277872717,Quote,,,4379.25,32.0,4379.5,30.0
2023-09-22 09:30:50.277872717,Quote,,,4379.25,32.0,4379.5,29.0
2023-09-22 09:30:50.277872717,Quote,,,4379.25,32.0,4379.5,28.0
2023-09-22 09:30:50.277872717,Quote,,,4379.25,32.0,4379.5,24.0
2023-09-22 09:30:50.277872717,Quote,,,4379.25,32.0,4379.5,23.0
2023-09-22 09:30:50.277872717,Quote,,,4379.25,32.0,4379.5,22.0
2023-09-22 09:30:50.277872717,Quote,,,4379.25,33.0,4379.5,22.0
2023-09-22 09:30:50.277872717,Quote,,,4379.25,33.0,4379.5,21.0
2023-09-22 09:30:50.277872717,Quote,,,4379.25,33.0,4379.5,20.0
2023-09-22 09:30:50.277872717,Quote,,,4379.25,34.0,4379.5,20.0
2023-09-22 09:30:50.277872717,Quote,,,4379.25,33.0,4379.5,20.0
2023-09-22 09:30:50.388384510,Quote,,,4379.25,33.0,4379.5,21.0
2023-09-22 09:30:50.977482444,Quote,,,4379.25,32.0,4379.5,21.0
2023-09-22 09:30:50.977800087,Quote,,,4379.25,32.0,4379.5,22.0
2023-09-22 09:30:50.977800087,Quote,,,4379.25,30.0,4379.5,22.0
2023-09-22 09:30:50.977800087,Quote,,,4379.25,30.0,4379.5,26.0
2023-09-22 09:30:50.977800087,Quote,,,4379.25,30.0,4379.5,27.0
2023-09-22 09:30:50.977800087,Quote,,,4379.25,30.0,4379.5,28.0
2023-09-22 09:30:50.977800087,Quote,,,4379.25,29.0,4379.5,28.0
2023-09-22 09:30:50.977800087,Quote,,,4379.25,28.0,4379.5,28.0
2023-09-22 09:30:50.977800087,Quote,,,4379.25,28.0,4379.5,30.0
2023-09-22 09:30:50.977800087,Quote,,,4379.25,28.0,4379.5,31.0
2023-09-22 09:30:50.977800087,Quote,,,4379.25,27.0,4379.5,31.0
2023-09-22 09:30:50.977800087,Quote,,,4379.25,27.0,4379.5,32.0
2023-09-22 09:30:50.977800087,Quote,,,4379.25,27.0,4379.5,33.0
2023-09-22 09:30:50.977800087,Quote,,,4379.25,26.0,4379.5,33.0
2023-09-22 09:30:50.997713807,Quote,,,4379.25,28.0,4379.5,33.0
2023-09-22 09:30:50.997713807,Quote,,,4379.25,28.0,4379.5,32.0
2023-09-22 09:30:50.997713807,Quote,,,4379.25,28.0,4379.5,31.0
2023-09-22 09:30:50.997713807,Quote,,,4379.25,28.0,4379.5,30.0
2023-09-22 09:30:50.997713807,Quote,,,4379.25,29.0,4379.5,30.0
2023-09-22 09:30:50.997713807,Quote,,,4379.25,30.0,4379.5,30.0
2023-09-22 09:30:50.997713807,Quote,,,4379.25,30.0,4379.5,28.0
2023-09-22 09:30:50.997713807,Quote,,,4379.25,30.0,4379.5,27.0
2023-09-22 09:30:51.397482358,Quote,,,4379.25,30.0,4379.5,28.0
2023-09-22 09:30:51.397951500,Quote,,,4379.25,30.0,4379.5,29.0
2023-09-22 09:30:51.727451381,Quote,,,4379.25,29.0,4379.5,29.0
2023-09-22 09:30:51.727473269,Quote,,,4379.25,28.0,4379.5,29.0
2023-09-22 09:30:52.637485500,Quote,,,4379.25,28.0,4379.5,28.0
2023-09-22 09:30:52.637562416,Quote,,,4379.25,29.0,4379.5,28.0
2023-09-22 09:30:52.637562416,Quote,,,4379.25,30.0,4379.5,28.0
2023-09-22 09:30:52.963151715,Quote,,,4379.25,30.0,4379.5,27.0
2023-09-22 09:30:53.167498251,Quote,,,4379.25,31.0,4379.5,27.0
2023-09-22 09:30:53.167656441,Quote,,,4379.25,31.0,4379.5,26.0
2023-09-22 09:30:53.167656441,Quote,,,4379.25,31.0,4379.5,25.0
2023-09-22 09:30:53.167656441,Quote,,,4379.25,33.0,4379.5,25.0
2023-09-22 09:30:53.167656441,Quote,,,4379.25,34.0,4379.5,25.0
2023-09-22 09:30:53.167656441,Quote,,,4379.25,34.0,4379.5,21.0
2023-09-22 09:30:53.167656441,Quote,,,4379.25,34.0,4379.5,20.0
2023-09-22 09:30:53.167656441,Quote,,,4379.25,35.0,4379.5,20.0
2023-09-22 09:30:53.167656441,Quote,,,4379.25,35.0,4379.5,19.0
2023-09-22 09:30:53.167656441,Quote,,,4379.25,35.0,4379.5,17.0
2023-09-22 09:30:53.167656441,Quote,,,4379.25,34.0,4379.5,17.0
2023-09-22 09:30:53.167656441,Quote,,,4379.25,37.0,4379.5,17.0
2023-09-22 09:30:53.167656441,Quote,,,4379.25,38.0,4379.5,17.0
2023-09-22 09:30:53.167656441,Quote,,,4379.25,38.0,4379.5,16.0
2023-09-22 09:30:53.167656441,Quote,,,4379.25,38.0,4379.5,15.0
2023-09-22 09:30:53.167656441,Quote,,,4379.25,38.0,4379.5,14.0
2023-09-22 09:30:53.167656441,Quote,,,4379.25,39.0,4379.5,14.0
2023-09-22 09:30:53.167656441,Quote,,,4379.25,38.0,4379.5,14.0
2023-09-22 09:30:53.167656441,Trade,4379.5,2.0,4379.25,38.0,4379.5,14.0
2023-09-22 09:30:53.167656441,Quote,,,4379.25,38.0,4379.5,12.0
2023-09-22 09:30:53.167656441,Trade,4379.5,1.0,4379.25,38.0,4379.5,12.0
2023-09-22 09:30:53.167656441,Quote,,,4379.25,38.0,4379.5,11.0
2023-09-22 09:30:53.167656441,Trade,4379.5,1.0,4379.25,38.0,4379.5,11.0
2023-09-22 09:30:53.167656441,Quote,,,4379.25,38.0,4379.5,10.0
2023-09-22 09:30:53.167656441,Trade,4379.5,1.0,4379.25,38.0,4379.5,10.0
2023-09-22 09:30:53.167656441,Quote,,,4379.25,38.0,4379.5,9.0
2023-09-22 09:30:53.167656441,Trade,4379.5,5.0,4379.25,38.0,4379.5,9.0
